<!doctype html>
<html lang="pt">
<head>
<meta charset="utf-8">
<meta http-equiv="x-ua-compatible" content="ie=edge">
<title>Comparador de Preços de Supermercados</title>
<meta name="viewport" content="width=device-width, initial-scale=1, maximum-scale=5">
<meta name="description" content="Encontre e compare milhões de produtos em centenas de lojas online. Veja as melhores ofertas, promoções e descontos no comparador de preços mais popular de Portugal!">
<meta name="copyright" content="Copyright 2022">
<meta name="referrer" content="same-origin">
<meta name="robots" content="index, follow">
<meta name="resource-type" content="DOCUMENT">

<!--Links CSS-->
<link rel="stylesheet" href="../css/cssSite.v511.css">
<link rel="stylesheet" href="../css/global.css">
<link rel="stylesheet" href="../css/bootstrap.min.css">
<link rel="stylesheet" href="../css/estilo.css">
<link rel="stylesheet" href="../css/search.css">
<link rel="stylesheet" href="../css/produtos.css">
<link rel="stylesheet" href="../css/search1.css">

<!--JavaScript-->
<script src="../js/nr-agent.js"></script>
<script>
        ;NREUM.loader_config={accountID:"3072507",trustKey:"1545474",agentID:"1025845875",licenseKey:"NRJS-0dd6c177c1318524aaa",applicationID:"1025845875"}
        ;NREUM.info={beacon:"bam.nr-data.net",errorBeacon:"bam.nr-data.net",licenseKey:"NRJS-0dd6c177c1318524aaa",applicationID:"1025845875",sa:1}
    </script>
<script type="text/javascript">
      (function (s, y, n, di, go) {
        di = s.createElement(y);
        di.type = 'text/java'+y;
        di.async = true;
        di.src = n + Math.floor(Date.now() / 86400000);
        go = s.getElementsByTagName(y)[0];
        go.parentNode.insertBefore(di,go);
      }(document,'script', "https://content.syndigo.com/site/710ff2e0-2f41-1551-6979-4c465865d7d1/tag.js?cv="));
</script>
<!--[if gt IE 9]><!-->
<script>//common/scripts.isml</script>
<script data-cookieconsent="ignore" defer="defer" src="../js/vendors.js"></script>
<script data-cookieconsent="ignore" defer="defer" src="../js/vendors-additional.js"></script>
<script data-cookieconsent="ignore" defer="defer" src="../js/main.js"></script>
<script data-cookieconsent="ignore" defer="defer" src="../js/search.js"></script>

<script type="text/javascript">//<!--
    /* <![CDATA[ (head-active_data.js) */
    var dw = (window.dw || {});
    dw.ac = {
        _analytics: null,
        _events: [],
        _category: "",
        _searchData: "",
        _anact: "",
        _anact_nohit_tag: "",
        _analytics_enabled: "true",
        _timeZone: "Europe/Lisbon",
        _capture: function(configs) {
            if (Object.prototype.toString.call(configs) === "[object Array]") {
                configs.forEach(captureObject);
                return;
            }
            dw.ac._events.push(configs);
        },
        capture: function() { 
            dw.ac._capture(arguments);
            // send to CQ as well:
            if (window.CQuotient) {
                window.CQuotient.trackEventsFromAC(arguments);
            }
        },
        EV_PRD_SEARCHHIT: "searchhit",
        EV_PRD_DETAIL: "detail",
        EV_PRD_RECOMMENDATION: "recommendation",
        EV_PRD_SETPRODUCT: "setproduct",
        applyContext: function(context) {
            if (typeof context === "object" && context.hasOwnProperty("category")) {
                dw.ac._category = context.category;
            }
            if (typeof context === "object" && context.hasOwnProperty("searchData")) {
                dw.ac._searchData = context.searchData;
            }
        },
        setDWAnalytics: function(analytics) {
            dw.ac._analytics = analytics;
        },
        eventsIsEmpty: function() {
            return 0 == dw.ac._events.length;
        }
    };
    /* ]]> */
    // -->
    </script>
    <script type="text/javascript">//<!--
    /* <![CDATA[ (head-cquotient.js) */
    var CQuotient = window.CQuotient = {};
    CQuotient.clientId = 'bdvs-continente';
    CQuotient.realm = 'BDVS';
    CQuotient.siteId = 'continente';
    CQuotient.instanceType = 'prd';
    CQuotient.locale = 'default';
    CQuotient.fbPixelId = '__UNKNOWN__';
    CQuotient.activities = [];
    CQuotient.cqcid='';
    CQuotient.cquid='';
    CQuotient.cqeid='';
    CQuotient.cqlid='';
    /* Turn this on to test against Staging Einstein */
    /* CQuotient.useTest= true; */
    CQuotient.initFromCookies = function () {
        var ca = document.cookie.split(';');
        for(var i=0;i < ca.length;i++) {
          var c = ca[i];
          while (c.charAt(0)==' ') c = c.substring(1,c.length);
          if (c.indexOf('cqcid=') == 0) {
            CQuotient.cqcid=c.substring('cqcid='.length,c.length);
          } else if (c.indexOf('cquid=') == 0) {
              var value = c.substring('cquid='.length,c.length);
              if (value) {
                  var split_value = value.split("|", 3);
                  if (split_value.length > 0) {
                  CQuotient.cquid=split_value[0];
                  }
                  if (split_value.length > 1) {
                  CQuotient.cqeid=split_value[1];
                  }
                  if (split_value.length > 2) {
                  CQuotient.cqlid=split_value[2];
                  }
              }
          }
        }
    }
    CQuotient.getCQCookieId = function () {
        if(window.CQuotient.cqcid == '')
            window.CQuotient.initFromCookies();
        return window.CQuotient.cqcid;
    };
    CQuotient.getCQUserId = function () {
        if(window.CQuotient.cquid == '')
            window.CQuotient.initFromCookies();
        return window.CQuotient.cquid;
    };
    CQuotient.getCQHashedEmail = function () {
        if(window.CQuotient.cqeid == '')
            window.CQuotient.initFromCookies();
        return window.CQuotient.cqeid;
    };
    CQuotient.getCQHashedLogin = function () {
        if(window.CQuotient.cqlid == '')
            window.CQuotient.initFromCookies();
        return window.CQuotient.cqlid;
    };
    CQuotient.trackEventsFromAC = function (/* Object or Array */ events) {
    try {
        if (Object.prototype.toString.call(events) === "[object Array]") {
            events.forEach(_trackASingleCQEvent);
        } else {
            CQuotient._trackASingleCQEvent(events);
        }
    } catch(err) {}
    };
    CQuotient._trackASingleCQEvent = function ( /* Object */ event) {
        if (event && event.id) {
            if (event.type === dw.ac.EV_PRD_DETAIL) {
                CQuotient.trackViewProduct( {id:'', alt_id: event.id, type: 'raw_sku'} );
            } // not handling the other dw.ac.* events currently
        }
    };
    CQuotient.trackViewProduct = function(/* Object */ cqParamData){
        var cq_params = {};
        cq_params.cookieId = CQuotient.getCQCookieId();
        cq_params.userId = CQuotient.getCQUserId();
        cq_params.emailId = CQuotient.getCQHashedEmail();
        cq_params.loginId = CQuotient.getCQHashedLogin();
        cq_params.product = cqParamData.product;
        cq_params.realm = cqParamData.realm;
        cq_params.siteId = cqParamData.siteId;
        cq_params.instanceType = cqParamData.instanceType;
        cq_params.locale = CQuotient.locale;
        
        if(CQuotient.sendActivity) {
            CQuotient.sendActivity(CQuotient.clientId, 'viewProduct', cq_params);
        } else {
            CQuotient.activities.push({activityType: 'viewProduct', parameters: cq_params});
        }
    };
    /* ]]> */
    // -->
    </script>

</head>

<body>
    <body class="" data-theme="default" data-layout="fluid" data-sidebar-position="left" data-sidebar-behavior="sticky" data-tooltip-container>
        <div class="wrap" id="mainpage" data-popover-container>
    
    <header>
    <header class="header" id="header">
        <div class="header-top">
           <div class="header-top-container header-container container">
             <div class="header-section header-section-logo">
                <img class="header-logo-img" src="../img/logo.png" alt="Comparador de Preços" width="250" height="100">
                    <a href="#" class="btn-product-catalog">
                        <span class="hamburger-icon">
                        <span></span>
                            <span></span>
                            <span></span>
                            </span>
                        <span class="hamburger-text">Catálogo Productos</span>
                     </a>
    
     <form action="#" class="header-section header-section-search" rel="ajaxify">
         <label class="sr-only" for="main-autocomplete">O que pesquisa hoje?</label>
             <input class="header-input-search form-control" id="main-autocomplete" type="text" placeholder="O que pesquisa hoje?" autocomplete="off" data-url="#" data-default-search-url="#" name="q" value="" data-autocomplete__="{&quot;text&quot;:&quot;&quot;}">
                 <button class="header-btn header-btn-search" id="main-autocomplete-submit" type="submit" aria-label="Search">
                     <img class="svg-icon" src="../img/icons8-search-50.png" alt=""> <use xlink:href="#search"></use></svg>
                 </button>
                 <button class="header-btn header-btn-clear" id="main-autocomplete-clear" type="button">
                 </button>
     </form>
    
     <div class="header-section header-section-account">
         <a class="header-btn header-btn-dot header-btn-heart" id="header-wishlist-icon" href="#" title="Lista de favoritos">
             <img class="favorite" src="../img/icons8-favorite-48.png" alt="" style="max-width: 100%;"><use xlink:href="#heart"></use></svg>
         </a>
         <a class="header-btn header-btn-dot header-btn-user" href="#" title="Minha conta" data-overlayer data-load-fragment data-title="false" data-width="460" data-close-outside="false" data-fragment-options="{&quot;linkSelector&quot;:&quot;a[href], [data-href]&quot;,&quot;formSelector&quot;:&quot;form&quot;,&quot;formExclude&quot;:null}">
             <img class="user" src="../img/icons8-user-48.png" alt="" style="max-width: 100%;"><use xlink:href="#user"></use></svg>
         </a>
    
    <div class="navigation-container ff-montse">
        <nav id="nav_main" class="nav_main scrollable">
            <ul class="yCmsContentSlot clear_fix first_nav">
                <li id="nav-submenu-container">
                    <div class="nav-submenu__header">
                        <button class="btn-close-menu"></button>
                            <div class="siteLogo">
                                <a href="index.html" class="siteLogoDia">
                                    <img src="../img/supermarket.png" class="siteLogo siteLogo-img"/>
                                </a>
                            </div>
                    </div>
            <ul class="nav-submenu ff-montse">
                <li class="main_menu_element_newProducts">
                    <span class="iconoCat  icoNewProducts">
                    </span>
                        <a href="#">
                          <p style="margin-left: 40px;">Categorias</p></a>
                              </li>
                
             <li>
                 <img class="hot" src="https://img.icons8.com/wired/64/000000/bread-and-rolling-pin.png"/>
                     <button class="btn-main-category">Padaria e Pastelaria</button>
                         <div class="child-menu child-menu-platos-preparados">
                             <div class="back-to-category">
                                 <button class="back responsivo responsivo-tablet"></button>
                                     <span>Padaria e Pastelaria</span>
                             </div>
                             <div class="category-link">
                                 <span class="iconCategory frescos"></span>
                                     <a href="#" class="go-to-category">Ver todos</a>
                             </div>
                                 <span class="shop-by-cat-text">Comprar por categor&iacute;as</span>
    
                                 <ul class="child-menu-container">
                                     <li>
                                         <a href="#">Padaria</a>
                                             <span class="iconCategory arrow-mobile RD_Desplegar2"></span>
            
                                 <ul class="grandchild-menu">
                                     <li>
                                         <div class="back-to-category">
                                             <button class="back responsivo responsivo-tablet"></button>
                                                 <span>Padaria</span>
                                         </div>
                                     </li>
                                     <li class="go-to-category-child">
                                         <a href="#">Ver Padaria</a>
                                     </li>
                                         <span class="shop-by-cat-text">Comprar por categor&iacute;as</span>
                                     <li>
                                         <a href="#">Pão do Dia e Broa</a>
                                     </li>
                                     <li>
                                         <a href="#">Pão de Forma e Embalado</a>
                                     </li>
                                     <li>
                                         <a href="#">Pão de Hambúrguer, Cachorro e Wraps</a>
                                     </li>
                                     <li>
                                         <a href="#">Tostas, Gressinos e Croutons</a>
                                     </li>
                                 </ul>
                             </li>
                                     <li>
                                            <a href="#">Pastelaria</a>
                                                <span class="iconCategory arrow-mobile RD_Desplegar2"></span>
            
                                                    <ul class="grandchild-menu">
                                        <li>
                                            <div class="back-to-category">
                                                <button class="back responsivo responsivo-tablet"></button>
                                                    <span>Pastelaria</span>
                                            </div>
                                        </li>
                                        <li class="go-to-category-child">
                                            <a href="#">Ver Pastelaria</a>
                                        </li>
                                            <span class="shop-by-cat-text">Comprar por categor&iacute;as</span>
                                        <li>
                                            <a href="#">Croissants e Pães de Leite</a>
                                        </li>
                                        <li>
                                            <a href="#">Pastelaria Sortida</a>
                                        </li>
                                        <li>
                                            <a href="#">Biscoitos</a>
                                        </li>
                                        <li>
                                            <a href="#">Bolos, Salames e Tartes</a>
                                        </li>
                                        <li>
                                            <a href="#">Bolos de Festa</a>
                                        </li>
                                        <li>
                                            <a href="#">Sobremesas</a>
                                        </li>
                                        <li>
                                            <a href="#">Pastelaria Salgada</a>
                                        </li>
                                    </ul>
                                </li>
                                        <li>
                                            <a href="#">Massas para Culinária</a>
                                                <span class="iconCategory arrow-mobile RD_Desplegar2"></span>
            
                                        <ul class="grandchild-menu">
                                            <li>
                                                <div class="back-to-category">
                                                    <button class="back responsivo responsivo-tablet"></button>
                                                        <span>Massas para Culinária</span>
                                                </div>
                                            </li>
                                            <li class="go-to-category-child">
                                                <a href="#">Ver Massas para Culinária</a>
                                            </li>
                                                <span class="shop-by-cat-text">Comprar por categor&iacute;as</span>
                                        </ul>
                                    </li>
                                </ul>
                            </div>
                        </li>
            
                        <li>
                            <img class="hot" src="https://img.icons8.com/external-konkapp-detailed-outline-konkapp/64/000000/external-takeaway-cafe-konkapp-detailed-outline-konkapp.png"/>
                                <button class="btn-main-category">Take-Away</button>
                                    <div class="child-menu child-menu-frescos">
                                        <div class="back-to-category">
                                            <button class="back responsivo responsivo-tablet"></button>
                                                <span>Take-Away</span>
                                        </div>
                                        <div class="category-link">
                                            <span class="iconCategory frescos"></span>
                                                <a href="#" class="go-to-category">Ver todos</a>
                                        </div>
                                            <span class="shop-by-cat-text">Comprar por categor&iacute;as</span>
            
                                        <ul class="child-menu-container">
                                            <li>
                                                <a href="#">Entradas e Salgados</a>
                                                    <span class="iconCategory arrow-mobile RD_Desplegar2"></span>
            
                                        <ul class="grandchild-menu">
                                            <li>
                                                <div class="back-to-category">
                                                    <button class="back responsivo responsivo-tablet"></button>
                                                        <span>Entradas e Salgados</span>
                                                </div>
                                            </li>
                                            <li class="go-to-category-child">
                                                <a href="#">Ver Entradas e Salgados</a>
                                            </li>
                                                <span class="shop-by-cat-text">Comprar por categor&iacute;as</span>
                                            <li>
                                                <a href="#">Salgados</a>
                                            </li>
                                            <li>
                                                <a href="#">Empadas e Empanadas</a>
                                            </li>
                                            <li>
                                                <a href="#">Panados, Quiches e Folhados</a>
                                            </li>
                                            <li>
                                                <a href="#">Pastas para Barrar</a>
                                            </li>
                                            <li>
                                                <a href="#">Pães de Alho e Queijo</a>
                                            </li>
                                        </ul>
                                    </li>
                                            <li>
                                                <a href="#">Sopas</a>
                                                    <span class="iconCategory arrow-mobile RD_Desplegar2"></span>
            
                                                        <ul class="grandchild-menu">
                                            <li>
                                                <div class="back-to-category">
                                                    <button class="back responsivo responsivo-tablet"></button>
                                                        <span>Sopas</span>
                                                </div>
                                            </li>
                                            <li class="go-to-category-child">
                                                <a href="#">Ver Sopas</a>
                                            </li>
                                                <span class="shop-by-cat-text">Comprar por categor&iacute;as</span>
                                            <li>
                                                <a href="#">Tradicionais</a>
                                            </li>
                                            <li>
                                                <a href="#">Sem Batata</a>
                                            </li>
                                        </ul>
                                    </li>
                                            <li>
                                                <a href="#">Pizzas</a>
                                                    <span class="iconCategory arrow-mobile RD_Desplegar2"></span>
            
                                            <ul class="grandchild-menu">
                                                <li>
                                                    <div class="back-to-category">
                                                        <button class="back responsivo responsivo-tablet"></button>
                                                            <span>Pizzas</span>
                                                    </div>
                                                </li>
                                                <li class="go-to-category-child">
                                                    <a href="#">Ver Pizzas</a>
                                                </li>
                                                    <span class="shop-by-cat-text">Comprar por categor&iacute;as</span>
                                                <li>
                                                    <a href="#">Frescas</a>
                                                </li>
                                                <li>
                                                    <a href="#">Congeladas</a>
                                                </li>
                                            </ul>
                                        </li>
                                                <li>
                                                    <a href="#">Massas Frescas e Noodles</a>
                                                        <span class="iconCategory arrow-mobile RD_Desplegar2"></span>
            
                                            <ul class="grandchild-menu">
                                                <li>
                                                    <div class="back-to-category">
                                                        <button class="back responsivo responsivo-tablet"></button>
                                                            <span>Massas Frescas e Noodles</span>
                                                    </div>
                                                </li>
                                                <li class="go-to-category-child">
                                                    <a href="#">Ver Massas Frescas e Noodles</a>
                                                </li>
                                                    <span class="shop-by-cat-text">Comprar por categor&iacute;as</span>
                                                        <li>
                                                            <a href="#">Massas Simples e Recheadas</a>
                                                        </li>
                                                        <li>
                                                            <a href="#">Noodles</a>
                                                        </li>
                                                        <li>
                                                            <a href="#">Massas para Culinária</a>
                                                        </li>
                                                    </ul>
                                                </li>
                                                        <li>
                                                            <a href="#">Hambúrgueres</a>
                                                                <span class="iconCategory arrow-mobile RD_Desplegar2"></span>
            
                                            <ul class="grandchild-menu">
                                                <li>
                                                    <div class="back-to-category">
                                                        <button class="back responsivo responsivo-tablet"></button>
                                                            <span>Hambúrgueres</span>
                                                    </div>
                                                </li>
                                                <li class="go-to-category-child">
                                                    <a href="#">Ver Hambúrgueres</a>
                                                </li>
                                                    <span class="shop-by-cat-text">Comprar por categor&iacute;as</span>
                                                <li>
                                                    <a href="#">Pronto a Comer</a>
                                                </li>
                                                <li>
                                                    <a href="#">Frescos</a>
                                                </li>
                                                <li>
                                                    <a href="#">Congelados</a>
                                                </li>
                                            </ul>
                                        </li>
            
                            <li>
                                <a href="#">Saladas, Sandes e Wraps</a>
                                    <span class="iconCategory arrow-mobile RD_Desplegar2"></span>
            
                                        <ul class="grandchild-menu">
                            <li>
                                <div class="back-to-category">
                                    <button class="back responsivo responsivo-tablet"></button>
                                        <span>Saladas, Sandes e Wraps</span>
                                </div>
                            </li>
                            <li class="go-to-category-child">
                                <a href="#">Ver Saladas, Sandes e Wraps</a>
                            </li>
                                <span class="shop-by-cat-text">Comprar por categor&iacute;as</span>
                            <li>
                                <a href="#">Sandes</a>
                            </li>
                            <li>
                                <a href="#">Wraps</a>
                            </li>
                            <li>
                                <a href="#">Saladas Simples</a>
                            </li>
                            <li>
                                <a href="#">Saladas Refeição</a>
                            </li>
                        </ul>
                    </li>
            
                            <li>
                                <a href="#">Frango Assado e Leitão</a>
                                    <span class="iconCategory arrow-mobile RD_Desplegar2"></span>
            
                        <ul class="grandchild-menu">
                            <li>
                                <div class="back-to-category">
                                    <button class="back responsivo responsivo-tablet"></button>
                                        <span>Frango Assado e Leitão</span>
                                </div>
                            </li>
                            <li class="go-to-category-child">
                                <a href="#">Ver Frango Assado e Leitão</a>
                            </li>
                                <span class="shop-by-cat-text">Comprar por categor&iacute;as</span>
                            </ul>
                        </li>
            
                            <li>
                                <a href="#">Refeições Prontas</a>
                                    <span class="iconCategory arrow-mobile RD_Desplegar2"></span>
            
                        <ul class="grandchild-menu">
                            <li>
                                <div class="back-to-category">
                                    <button class="back responsivo responsivo-tablet"></button>
                                        <span>Refeições Prontas</span>
                                </div>
                            </li>
                            <li class="go-to-category-child">
                                <a href="#">Ver Refeições Prontas</a>
                            </li>
                                <span class="shop-by-cat-text">Comprar por categor&iacute;as</span>
                            <li>
                                <a href="#">Carne</a>
                            </li>
                            <li>
                                <a href="#">Peixe e Marisco</a>
                            </li>
                            <li>
                                <a href="#">Italianas</a>
                            </li>
                            <li>
                                <a href="#">Acompanhamentos</a>
                            </li>
                        </ul>
                    </li>
            
                            <li>
                                <a href="#">Vegetarianas e Vegan</a>
                                    <span class="iconCategory arrow-mobile RD_Desplegar2"></span>
            
                        <ul class="grandchild-menu">
                            <li>
                                <div class="back-to-category">
                                    <button class="back responsivo responsivo-tablet"></button>
                                        <span>Vegetarianas e Vegan</span>
                                </div>
                            </li>
                            <li class="go-to-category-child">
                                <a href="#">Ver Vegetarianas e Vegan</a>
                            </li>
                                <span class="shop-by-cat-text">Comprar por categor&iacute;as</span>
                            <li>
                                <a href="#">Hambúrgueres e Almôndegas</a>
                            </li>
                            <li>
                                <a href="#">Nuggets, Bifes e Escalopes</a>
                            </li>
                            <li>
                                <a href="#">Tofu e Seitan</a>
                            </li>
                            <li>
                                <a href="#">Saladas e Algas</a>
                            </li>
                            <li>
                                <a href="#">Outras Refeições</a>
                            </li>
                        </ul>
                    </li>
                </ul>
            </div>
            </li>
                            <li>
                                <img class="hot" src="https://img.icons8.com/external-wanicon-lineal-wanicon/64/000000/external-grocery-food-delivery-wanicon-lineal-wanicon.png"/>
                                    <button class="btn-main-category">Mercearia</button>
                                        <div class="child-menu child-menu-despensa">
                                            <div class="back-to-category">
                                                <button class="back responsivo responsivo-tablet"></button>
                                                    <span>Mercearia</span>
                                            </div>
                                            <div class="category-link">
                                                <span class="iconCategory despensa"></span>
                                                    <a href="#" class="go-to-category">Ver todos</a>
                                            </div>
                                                <span class="shop-by-cat-text">Comprar por categor&iacute;as</span>
            
                        <ul class="child-menu-container">
                            <li>
                                <a href="#">Café, Chá e Chocolate Solúvel</a>
                                    <span class="iconCategory arrow-mobile RD_Desplegar2"></span>
            
                        <ul class="grandchild-menu">
                            <li>
                                <div class="back-to-category">
                                    <button class="back responsivo responsivo-tablet"></button>
                                        <span>Café, Chá e Chocolate Solúvel</span>
                                </div>
                            </li>
                            <li class="go-to-category-child">
                                <a href="#">Ver Café, Chá e Chocolate Solúvel</a>
                            </li>
                                <span class="shop-by-cat-text">Comprar por categor&iacute;as</span>
                            <li>
                                <a href="#">Café em Cápsulas</a>
                            </li>
                            <li>
                                <a href="#">Café Torrado</a>
                            </li>
                            <li>
                                <a href="#">Café Solúvel</a>
                            </li>
                            <li>
                                <a href="#">Chás e Infusões</a>
                            </li>
                            <li>
                                <a href="#">Chocolate Solúvel</a>
                            </li>
                            <li>
                                <a href="#">Bebidas de Cereais</a>
                            </li>
                        </ul>
                    </li>
                            <li>
                                <a href="#">Cereais e Barras</a>
                                    <span class="iconCategory arrow-mobile RD_Desplegar2"></span>
            
                        <ul class="grandchild-menu">
                            <li>
                                <div class="back-to-category">
                                    <button class="back responsivo responsivo-tablet"></button>
                                        <span>Cereais e Barras</span>
                                </div>
                            </li>
                            <li class="go-to-category-child">
                                <a href="#">Ver Cereais e Barras</a>
                            </li>
                                <span class="shop-by-cat-text">Comprar por categor&iacute;as</span>
                            <li>
                                <a href="#">Cereais Infantis e Juvenis</a>
                            </li>
                            <li>
                                <a href="#">Cereais Linha e Fibra</a>
                            </li>
                            <li>
                                <a href="#">Corn Flakes</a>
                            </li>
                            <li>
                                <a href="#">Muesli e Granola</a>
                            </li>
                            <li>
                                <a href="#">Flocos e Papas de Aveia</a>
                            </li>
                            <li>
                                <a href="#">Barras de Cereais</a>
                            </li>
                        </ul>
                            </li>
                                        
                            <li>
                                <a href="#">Bolachas, Biscoitos e Tostas</a>
                                    <span class="iconCategory arrow-mobile RD_Desplegar2"></span>
            
                        <ul class="grandchild-menu">
                            <li>
                                <div class="back-to-category">
                                    <button class="back responsivo responsivo-tablet"></button>
                                        <span>Bolachas, Biscoitos e Tostas</span>
                                </div>
                            </li>
                            <li class="go-to-category-child">
                                <a href="#">Ver Bolachas, Biscoitos e Tostas</a>
                            </li>
                                <span class="shop-by-cat-text">Comprar por categor&iacute;as</span>
                            <li>
                                <a href="#">Bolachas de Chocolate</a>
                            </li>
                            <li>
                                <a href="#">Bolachas com Cobertura e Recheio</a>
                            </li>
                            <li>
                                <a href="#">Bolachas Infantis</a>
                            </li>
                            <li>
                                <a href="#">Bolachas de Manteiga</a>
                            </li>
                            <li>
                                <a href="#">Maria, Torrada e Biscoitos</a>
                            </li>
                            <li>
                                <a href="#">Bolachas Fibra e Sem Açúcar</a>
                            </li>
                            <li>
                                <a href="#">Sortidos de Bolachas</a>
                            </li>
                            <li>
                                <a href="#">Bolos, Napolitanas, Queques…</a>
                            </li>
                            <li>
                                <a href="#">Bolachas e Biscoitos Salgados</a>
                            </li>
                            <li>
                                <a href="#">Tortitas de Arroz e Milho</a>
                            </li>
                            <li>
                                <a href="#">Tostas, Gressinos e Croutons</a>
                            </li>
                        </ul>
                            </li>
                            <li>
                                <a href="#">Chocolate, Gomas e Rebuçados</a>
                                    <span class="iconCategory arrow-mobile RD_Desplegar2"></span>
            
                        <ul class="grandchild-menu">
                            <li>
                                <div class="back-to-category">
                                    <button class="back responsivo responsivo-tablet"></button>
                                        <span>Chocolate, Gomas e Rebuçados</span>
                                </div>
                            </li>
                            <li class="go-to-category-child">
                                <a href="#">Ver Chocolate, Gomas e Rebuçados</a>
                            </li>
                                <span class="shop-by-cat-text">Comprar por categor&iacute;as</span>
                            <li>
                                <a href="#">Chocolates</a>
                            </li>
                            <li>
                                <a href="#">Bombons</a>
                            </li>
                            <li>
                                <a href="#">Snacks de Chocolate</a>
                            </li>
                            <li>
                                <a href="#">Chocolates Solúveis</a>
                            </li>
                            <li>
                                <a href="#">Cacau e Chocolates de Culinária</a>
                            </li>
                            <li>
                                <a href="#">Gomas, Pastilhas e Rebuçados</a>
                            </li>
                        </ul>
                            </li>
                            <li>
                                <a href="#">Arroz, Massa e Farinha</a>
                                    <span class="iconCategory arrow-mobile RD_Desplegar2"></span>
            
                        <ul class="grandchild-menu">
                            <li>
                                <div class="back-to-category">
                                    <button class="back responsivo responsivo-tablet"></button>
                                        <span>Arroz, Massa e Farinha</span>
                                </div>
                            </li>
                            <li class="go-to-category-child">
                                <a href="#">Ver Arroz, Massa e Farinha</a>
                            </li>
                                <span class="shop-by-cat-text">Comprar por categor&iacute;as</span>
                            <li>
                                <a href="#">Arroz</a>
                            </li>
                            <li>
                                <a href="#">Massa</a>
                            </li>
                            <li>
                                <a href="#">Farinha e Pão Ralado</a>
                            </li>
                            <li>
                                <a href="#">Puré</a>
                            </li>
                            <li>
                                <a href="#">Couscous, Quinoa, Bulgur e Outros</a>
                            </li>
                            <li>
                                <a href="#">Feijão, Grão de Bico e Lentilhas</a>
                            </li>
                        </ul>
                            </li>
                            <li>
                                <a href="#">Azeite, Óleo e Vinagre</a>
                                    <span class="iconCategory arrow-mobile RD_Desplegar2"></span>
            
                        <ul class="grandchild-menu">
                            <li>
                                <div class="back-to-category">
                                    <button class="back responsivo responsivo-tablet"></button>
                                        <span>Azeite, Óleo e Vinagre</span>
                                </div>
                            </li>
                            <li class="go-to-category-child">
                                <a href="#">Ver Azeite, Óleo e Vinagre</a>
                            </li>
                                <span class="shop-by-cat-text">Comprar por categor&iacute;as</span>
                            <li>
                                <a href="#">Azeite</a>
                            </li>
                            <li>
                                <a href="#">Óleo Alimentar</a>
                            </li>
                            <li>
                                <a href="#">Vinagre</a>
                            </li>
                        </ul>
                            </li>
                            <li>
                                <a href="#">Conservas</a>
                                    <span class="iconCategory arrow-mobile RD_Desplegar2"></span>
            
                        <ul class="grandchild-menu">
                            <li>
                                <div class="back-to-category">
                                    <button class="back responsivo responsivo-tablet"></button>
                                        <span>Conservas</span>
                                </div>
                            </li>
                            <li class="go-to-category-child">
                                <a href="#">Ver Conservas</a>
                            </li>
                                <span class="shop-by-cat-text">Comprar por categor&iacute;as</span>
                            <li>
                                <a href="#">Atum</a>
                            </li>
                            <li>
                                <a href="#">Sardinha, Cavala, Lulas…</a>
                            </li>
                            <li>
                                <a href="#">Salsichas</a>
                            </li>
                            <li>
                                <a href="#">Patês</a>
                            </li>
                            <li>
                                <a href="#">Tomate Polpa, Pelado e Seco</a>
                            </li>
                            <li>
                                <a href="#">Feijão e Grão de Bico</a>
                            </li>
                            <li>
                                <a href="#">Cogumelos, Milho, Ervilhas…</a>
                            </li>
                            <li>
                                <a href="#">Azeitonas e Tremoços</a>
                            </li>
                            <li>
                                <a href="#">Polpas e Frutas em Calda</a>
                            </li>
                            <li>
                                <a href="#">Refeições</a>
                            </li>
                        </ul>
                            </li>
                            <li>
                                <a href="#">Molhos, Tempero e Sal</a>
                                    <span class="iconCategory arrow-mobile RD_Desplegar2"></span>
            
                        <ul class="grandchild-menu">
                            <li>
                                <div class="back-to-category">
                                    <button class="back responsivo responsivo-tablet"></button>
                                        <span>Molhos, Tempero e Sal</span>
                                </div>
                            </li>
                            <li class="go-to-category-child">
                                <a href="#">Ver Molhos, Tempero e Sal</a>
                            </li>
                                <span class="shop-by-cat-text">Comprar por categor&iacute;as</span>
                            <li>
                                <a href="#">Molhos</a>
                            </li>
                            <li>
                                <a href="#">Maionese, Ketchup e Mostarda</a>
                            </li>
                            <li>
                                <a href="#">Especiarias e Ervas Aromáticas</a>
                            </li>
                            <li>
                                <a href="#">Caldos</a>
                            </li>
                            <li>
                                <a href="#">Sal</a>
                            </li>
                        </ul>
                            </li>
            
                            <li>
                                <a href="#">Snacks e Batatas Fritas</a>
                                    <span class="iconCategory arrow-mobile RD_Desplegar2"></span>
            
                        <ul class="grandchild-menu">
                            <li>
                                <div class="back-to-category">
                                    <button class="back responsivo responsivo-tablet"></button>
                                        <span>Snacks e Batatas Fritas</span>
                                </div>
                            </li>
                            <li class="go-to-category-child">
                                <a href="#">Ver Snacks e Batatas Fritas</a>
                            </li>
                                <span class="shop-by-cat-text">Comprar por categor&iacute;as</span>
                            <li>
                                <a href="#">Batatas Fritas</a>
                            </li>
                            <li>
                                <a href="#">Aperitivos e Snacks</a>
                            </li>
                            <li>
                                <a href="#">Frutos Secos, Desidratados e Sementes</a>
                            </li>
                            <li>
                                <a href="#">Barras de Cereais</a>
                            </li>
                            <li>
                                <a href="#">Pipocas</a>
                            </li>
                            <li>
                                <a href="#">Saquetas e Purés de Fruta</a>
                            </li>
                        </ul>
                    </li>
            
                            <li>
                                <a href="#">Compotas, Cremes e Mel</a>
                                    <span class="iconCategory arrow-mobile RD_Desplegar2"></span>
            
                        <ul class="grandchild-menu">
                            <li>
                                <div class="back-to-category">
                                    <button class="back responsivo responsivo-tablet"></button>
                                        <span>Compotas, Cremes e Mel</span>
                                </div>
                            </li>
                            <li class="go-to-category-child">
                                <a href="#">Ver Compotas, Cremes e Mel</a>
                            </li>
                                <span class="shop-by-cat-text">Comprar por categor&iacute;as</span>
                            <li>
                                <a href="#">Doces e Compotas</a>
                            </li>
                            <li>
                                <a href="#">Nutella e Cremes de Barrar</a>
                            </li>
                            <li>
                                <a href="#">Mel</a>
                            </li>
                            <li>
                                <a href="#">Marmeladas e Goiabadas</a>
                            </li>
                        </ul>
                            </li>
                            <li>
                                <a href="#">Açúcar e Sobremesas</a>
                                    <span class="iconCategory arrow-mobile RD_Desplegar2"></span>
            
                        <ul class="grandchild-menu">
                            <li>
                                <div class="back-to-category">
                                    <button class="back responsivo responsivo-tablet"></button>
                                        <span>Açúcar e Sobremesas</span>
                                </div>
                            </li>
                            <li class="go-to-category-child">
                                <a href="#">Ver Açúcar e Sobremesas</a>
                            </li>
                                <span class="shop-by-cat-text">Comprar por categor&iacute;as</span>
                            <li>
                                <a href="#">Açúcar e Adoçante</a>
                            </li>
                            <li>
                                <a href="#">Cacau e Chocolates de Culinária</a>
                            </li>
                            <li>
                                <a href="#">Gelatinas e Pudins</a>
                            </li>
                            <li>
                                <a href="#">Leite Condensado e Leite de Coco</a>
                            </li>
                            <li>
                                <a href="#">Preparados para Mousses e Bolos</a>
                            </li>
                            <li>
                                <a href="#">Aromas e Toppings</a>
                            </li>
                            <li>
                                <a href="#">Fermento</a>
                            </li>
                        </ul>
                            </li>
                            <li>
                                <a href="#">Sopas e Refeições</a>
                                    <span class="iconCategory arrow-mobile RD_Desplegar2"></span>
            
                        <ul class="grandchild-menu">
                            <li>
                                <div class="back-to-category">
                                    <button class="back responsivo responsivo-tablet"></button>
                                        <span>Sopas e Refeições</span>
                                </div>
                            </li>
                            <li class="go-to-category-child">
                                <a href="#">Ver Sopas e Refeições</a>
                            </li>
                                <span class="shop-by-cat-text">Comprar por categor&iacute;as</span>
                            <li>
                                <a href="#">Sopas</a>
                            </li>
                            <li>
                                <a href="#">Refeições</a>
                            </li>
                            <li>
                                <a href="#">Cozinha do Mundo</a>
                            </li>
                        </ul>
                            </li>
                            <li>
                                <a href="#">Alimentação Infantil</a>
                                    <span class="iconCategory arrow-mobile RD_Desplegar2"></span>
            
                        <ul class="grandchild-menu">
                            <li>
                                <div class="back-to-category">
                                    <button class="back responsivo responsivo-tablet"></button>
                                        <span>Alimentação Infantil</span>
                                </div>
                            </li>
                            <li class="go-to-category-child">
                                <a href="#">Ver Alimentação Infantil</a>
                            </li>
                                <span class="shop-by-cat-text">Comprar por categor&iacute;as</span>
                            <li>
                                <a href="#">Boiões, Saquetas e Puré de Fruta</a>
                            </li>
                            <li>
                                <a href="#">Refeições</a>
                            </li>
                            <li>
                                <a href="#">Alimentos Lácteos</a>
                            </li>
                            <li>
                                <a href="#">Leites Infantis</a>
                            </li>
                            <li>
                                <a href="#">Papas Infantis</a>
                            </li>
                            <li>
                                <a href="#">Snacks e Bolachinhas</a>
                            </li>
                        </ul>
                    </li>
                </ul>
                        </div>
                    </li>
            
                            <li>
                                <img class="hot" src="https://img.icons8.com/ios/50/000000/jamon.png"/>
                                    <button class="btn-main-category">Charcutaria</button>
                                        <div class="child-menu child-menu-bebidas">
                                            <div class="back-to-category">
                                                <button class="back responsivo responsivo-tablet"></button>
                                                    <span>Charcutaria</span>
                                            </div>
                                            <div class="category-link">
                                                <span class="iconCategory bebidas"></span>
                                                    <a href="/compra-online/bebidas/cf" class="go-to-category">Ver todos</a>
                                            </div>
                                                <span class="shop-by-cat-text">Comprar por categor&iacute;as</span>
            
                        <ul class="child-menu-container">
                            <li>
                                <a href="#">Fiambre, Mortadela e Salame</a>
                            </li>
                            <li>
                                <a href="#">Presunto</a>
                            </li>
                            <li>
                                <a href="#">Bacon e Fumados</a>
                            </li>
                            <li>
                                <a href="#">Alheira e Farinheira</a>
                            </li>
                            <li>
                                <a href="#">Chouriço e Morcela</a>
                            </li>
                            <li>
                                <a href="#">Salpicão, Paio e Fuet</a>
                            </li>
                            <li>
                                <a href="#">Salsichas e Linguiças</a>
                            </li>
                        </ul>
                    </div>
                </li>
            
                            <li>
                                <img class="hot" src="https://img.icons8.com/ios-filled/50/000000/steak-rare.png"/>
                                    <button class="btn-main-category">Talho</button>
                                        <div class="child-menu child-menu-mascotas">
                                            <div class="back-to-category">
                                                <button class="back responsivo responsivo-tablet"></button>
                                                    <span>Talho</span>
                                            </div>
                                            <div class="category-link">
                                                <span class="iconCategory mascotas"></span>
                                                    <a href="#" class="go-to-category">Ver todos</a>
                                            </div>
                                                <span class="shop-by-cat-text">Comprar por categor&iacute;as</span>
            
                        <ul class="child-menu-container">
                            <li>
                                <a href="#">Novilho, Vitela e Vitelão</a>
                            </li>
                            <li>
                                <a href="#">Frango e Peru</a>
                            </li>
                            <li>
                                <a href="#">Porco</a>
                            </li>
                            <li>
                                <a href="#">Pato e Coelho</a>
                            </li>
                            <li>
                                <a href="#">Cabrito e Borrego</a>
                            </li>
                            <li>
                                <a href="#">Pronto a Cozinhar</a>
                            </li>
                            <li>
                                <a href="#">Cortes do Mundo</a>
                            </li>
                            <li>
                                <a href="#">Cortado Especialmente para Si</a>
                            </li>
                            <li>
                                <a href="#">Carne Congelada</a>
                            </li>
                        </ul>
            
                            <li>
                                <img class="hot" src="https://img.icons8.com/ios/50/000000/fish--v1.png"/>
                                    <button class="btn-main-category">Peixaria</button>
                                        <div class="child-menu child-menu-bodega">
                                            <div class="back-to-category">
                                                <button class="back responsivo responsivo-tablet"></button>
                                                    <span>Peixaria</span>
                                            </div>
                                            <div class="category-link">
                                                <span class="iconCategory bodega"></span>
                                                    <a href="#" class="go-to-category">Ver todos</a>
                                            </div>
                                                <span class="shop-by-cat-text">Comprar por categor&iacute;as</span>
            
                        <ul class="child-menu-container">
                            <li>
                                <a href="#">Peixe Fresco</a>
                            </li>
                            <li>
                                <a href="#">Peixe Congelado</a>
                            </li>
                            <li>
                                <a href="#">Filetes, Lombos e Postas</a>
                            </li>
                            <li>
                                <a href="#">Bacalhau</a>
                            </li>
                            <li>
                                <a href="#">Polvo, Lulas e Chocos</a>
                            </li>
                            <li>
                                <a href="#">Camarão</a>
                            </li>
                            <li>
                                <a href="#">Mariscos</a>
                            </li>
                            <li>
                                <a href="#">Salmão Fumado e Especialidades</a>
                            </li>
                        </ul>
                    </div>
                </li>
            
                            <li>
                                <img class="hot" src="https://img.icons8.com/external-photo3ideastudio-lineal-photo3ideastudio/64/000000/external-fruits-restaurant-photo3ideastudio-lineal-photo3ideastudio.png"/>
                                    <button class="btn-main-category">Frutas e Legumes</button>
                                        <div class="child-menu child-menu-congelados">
                                            <div class="back-to-category">
                                                <button class="back responsivo responsivo-tablet"></button>
                                                    <span>Frutas e Legumes</span>
                                            </div>
                                            <div class="category-link">
                                                <span class="iconCategory congelados"></span>
                                                    <a href="#" class="go-to-category">Ver todos</a>
                                            </div>
                                                <span class="shop-by-cat-text">Comprar por categor&iacute;as</span>
            
                        <ul class="child-menu-container">
                            <li>
                                <a href="#">Frutas</a>
                                <span class="iconCategory arrow-mobile RD_Desplegar2"></span>
            
                        <ul class="grandchild-menu">
                            <li>
                                <div class="back-to-category">
                                    <button class="back responsivo responsivo-tablet"></button>
                                        <span>Frutas</span>
                                </div>
                            </li>
                            <li class="go-to-category-child">
                                <a href="#">Ver Frutas</a>
                            </li>
                                <span class="shop-by-cat-text">Comprar por categor&iacute;as</span>
                            <li>
                                <a href="#">Banana, Maçã e Pera</a>
                            </li>
                            <li>
                                <a href="#">Laranja, Clementina e Limão</a>
                            </li>
                            <li>
                                <a href="#">Melancia, Melão e Meloa</a>
                            </li>
                            <li>
                                <a href="#">Pêssego, Ameixa e Kiwi</a>
                            </li>
                            <li>
                                <a href="#">Morango e Frutos Vermelhos</a>
                            </li>
                            <li>
                                <a href="#">Uvas e Tropicais</a>
                            </li>
                            <li>
                                <a href="#">Congeladas</a>
                            </li>
                        </ul>
                    </li>
                            <li>
                                <a href="#">Legumes</a>
                                    <span class="iconCategory arrow-mobile RD_Desplegar2"></span>
            
                        <ul class="grandchild-menu">
                            <li>
                                <div class="back-to-category">
                                    <button class="back responsivo responsivo-tablet"></button>
                                        <span>Legumes</span>
                                </div>
                            </li>
                            <li class="go-to-category-child">
                                <a href="#">Ver Legumes</a>
                            </li>
                                <span class="shop-by-cat-text">Comprar por categor&iacute;as</span>
                            <li>
                                <a href="#">Batata, Batata Doce e Mandioca</a>
                            </li>
                            <li>
                                <a href="#">Cebola, Alho e Nabo</a>
                            </li>
                            <li>
                                <a href="#">Cenoura, Abóbora e Beterraba</a>
                            </li>
                            <li>
                                <a href="#">Curgete, Beringela e Feijão Verde</a>
                            </li>
                            <li>
                                <a href="#">Couves, Brócolos e Espinafres</a>
                            </li>
                            <li>
                                <a href="#">Alface, Tomate, Pepino e Pimento</a>
                            </li>
                            <li>
                                <a href="#">Saladas, Sopas e Salteados</a>
                            </li>
                            <li>
                                <a href="#">Cogumelos, Espargos e Exóticos</a>
                            </li>
                            <li>
                                <a href="#">Congelados</a>
                            </li>
                        </ul>
                    </li>
                            <li>
                                <a href="#">Frutas e Legumes Biológicos</a>
                            </li>
                            <li>
                                <a href="#">Cabazes de Frutas e Legumes</a>
                            </li>
            
                            <li>
                                <a href="#">Sumos Naturais</a>
                                    <span class="iconCategory arrow-mobile RD_Desplegar2"></span>
            
                        <ul class="grandchild-menu">
                            <li>
                                <div class="back-to-category">
                                    <button class="back responsivo responsivo-tablet"></button>
                                        <span>Sumos Naturais</span>
                                </div>
                            </li>
                            <li class="go-to-category-child">
                                <a href="#">Ver Sumos Naturais</a>
                            </li>
                                <span class="shop-by-cat-text">Comprar por categor&iacute;as</span>
                            <li>
                                <a href="#">Sumos Espremidos no Momento</a>
                            </li>
                        </ul>
                    </li>
                            <li>
                                <a href="#">Frutos Secos, Desidratados e Sementes</a>
                            </li>      
                            <li>
                                <a href="#">Tremoços e Azeitonas</a>
                            </li>
                            <li>
                                <a href="#">Ervas Aromáticas e Especiarias</a>
                            </li> 
                        </ul>
                    </div>
                </li>
            
                            <li>
                                <img class="hot" src="https://img.icons8.com/ios-filled/50/000000/cooling.png"/>
                                    <button class="btn-main-category">Congelados</button>
                                        <div class="child-menu child-menu-cuidado-personal">
                                            <div class="back-to-category">
                                                <button class="back responsivo responsivo-tablet"></button>
                                                    <span>Congelados</span>
                                            </div>
                                            <div class="category-link">
                                                <span class="iconCategory cuidado-personal"></span>
                                                    <a href="#" class="go-to-category">Ver todos</a>
                                            </div>
                                                <span class="shop-by-cat-text">Comprar por categor&iacute;as</span>
            
                        <ul class="child-menu-container">
                            <li>
                                <a href="#">Gelados</a>
                                    <span class="iconCategory arrow-mobile RD_Desplegar2"></span>
            
                        <ul class="grandchild-menu">
                            <li>
                                <div class="back-to-category">
                                    <button class="back responsivo responsivo-tablet"></button>
                                        <span>Gelados</span>
                                </div>
                            </li>
                            <li class="go-to-category-child">
                                <a href="#">Ver Gelados</a>
                            </li>
                                <span class="shop-by-cat-text">Comprar por categor&iacute;as</span>
                            <li>
                                <a href="#">Gelados Familiares</a>
                            </li>
                            <li>
                                <a href="#">Gelados Multipacks</a>
                            </li>
                            <li>
                                <a href="#">Gelados Americanos</a>
                            </li>
                            <li>
                                <a href="#">Tartes Geladas e Viennettas</a>
                            </li>
                        </ul>
                    </li>
            
                            <li>
                                <a href="#">Frutas e Legumes</a>
                                    <span class="iconCategory arrow-mobile RD_Desplegar2"></span>
                        <ul class="grandchild-menu">
                            <li>
                                <div class="back-to-category">
                                    <button class="back responsivo responsivo-tablet"></button>
                                        <span>Frutas e Legumes</span>
                                </div>
                            </li>
                            <li class="go-to-category-child">
                                <a href="#">Ver Frutas e Legumes</a>
                            </li>
                                <span class="shop-by-cat-text">Comprar por categor&iacute;as</span>
                            <li>
                                <a href="#">Frutas Congeladas</a>
                            </li>
                            <li>
                                <a href="#">Batatas Congeladas</a>
                            </li>
                            <li>
                                <a href="#">Legumes Congelados</a>
                            </li>
                            <li>
                                <a href="#">Misturas de Legumes Congelados</a>
                            </li>
                        </ul>
                    </li>
                            <li>
                                <a href="#">Salgados e Aperitivos</a>
                            </li>
                            <li>
                                <a href="#">Pizzas</a>
                            </li>
                        
                            <li>
                                <a href="#">Douradinhos e Nuggets</a>
                                    <span class="iconCategory arrow-mobile RD_Desplegar2"></span>
            
                        <ul class="grandchild-menu">
                            <li>
                                <div class="back-to-category">
                                    <button class="back responsivo responsivo-tablet"></button>
                                        <span>Douradinhos e Nuggets</span>
                                </div>
                            </li>
                            <li class="go-to-category-child">
                                <a href="#">Ver todos</a>
                            </li>
                                <span class="shop-by-cat-text">Comprar por categor&iacute;as</span>
                            <li>
                                <a href="#">Douradinhos e Barrinhas</a>
                            </li>
                            <li>
                                <a href="#">Crocantes e Filetes</a>
                            </li>
                            <li>
                                <a href="#">Nuggets e Panados</a>
                            </li>
                        </ul>
            
                            <li>
                                <a href="#">Hambúrgueres e Refeições</a>
                                    <span class="iconCategory arrow-mobile RD_Desplegar2"></span>
            
                        <ul class="grandchild-menu">
                            <li>
                                <div class="back-to-category">
                                    <button class="back responsivo responsivo-tablet"></button>
                                        <span>Hambúrgueres e Refeições</span>
                                </div>
                            </li>
                            <li class="go-to-category-child">
                                <a href="#">Ver Hambúrgueres e Refeições</a>
                            </li>
                                <span class="shop-by-cat-text">Comprar por categor&iacute;as</span>
                            <li>
                                <a href="#">Hambúrgueres</a>
                            </li>
                            <li>
                                <a href="#">Refeições</a>
                            </li>
                            <li>
                                <a href="#">Refeições Vegetarianas</a>
                            </li>
                        </ul>
            
                            <li>
                                <a href="#">Peixe e Marisco Congelado</a>
                                    <span class="iconCategory arrow-mobile RD_Desplegar2"></span>
            
                        <ul class="grandchild-menu">
                            <li>
                                <div class="back-to-category">
                                    <button class="back responsivo responsivo-tablet"></button>
                                        <span>Peixe e Marisco Congelado</span>
                                </div>
                            </li>
                            <li class="go-to-category-child">
                                <a href="#">Ver Peixe e Marisco Congelado</a>
                            </li>
                                <span class="shop-by-cat-text">Comprar por categor&iacute;as</span>
                            <li>
                                <a href="#">Peixe Congelado</a>
                            </li>
                            <li>
                                <a href="#">Marisco Congelado</a>
                            </li>
                            <li>
                                <a href="#">Bacalhau Congelado</a>
                            </li>
                            <li>
                                <a href="#">Polvo, Lulas e Chocos Congelados</a>
                            </li>
                        </ul>
                            <li>
                                <a href="#">Carne Congelada</a>
                            </li>
                            <li>
                                <a href="#">Sobremesas</a>
                                    <span class="iconCategory arrow-mobile RD_Desplegar2"></span>
            
                        <ul class="grandchild-menu">
                            <li>
                                <div class="back-to-category">
                                    <button class="back responsivo responsivo-tablet"></button>
                                        <span>Sobremesas</span>
                                </div>
                            </li>
                            <li class="go-to-category-child">
                                <a href="#">Ver Sobremesas</a>
                            </li>
                                <span class="shop-by-cat-text">Comprar por categor&iacute;as</span>
                            <li>
                                <a href="#">Bolos Congelados</a>
                            </li>
                            <li>
                                <a href="#">Crepes e Petit Gâteau</a>
                            </li>
                            <li>
                                <a href="#">Tartes Geladas e Viennettas</a>
                            </li>
                        </ul>
                    </div>
                </li>
            
                            <li>
                                <img class="hot" src="https://img.icons8.com/external-smashingstocks-mixed-smashing-stocks/68/000000/external-dairy-products-farming-smashingstocks-mixed-smashing-stocks.png"/>
                                    <button class="btn-main-category">Lacticínios e Ovos</button>
                                        <div class="child-menu child-menu-bebe">
                                            <div class="back-to-category">
                                                <button class="back responsivo responsivo-tablet"></button>
                                                    <span>Lacticínios e Ovos</span>
                                            </div>
                                            <div class="category-link">
                                                <span class="iconCategory bebe"></span>
                                                    <a href="#" class="go-to-category">Ver todos</a>
                                            </div>
                                                <span class="shop-by-cat-text">Comprar por categor&iacute;as</span>
            
                        <ul class="child-menu-container">
                            <li>
                                <a href="#">Leite</a>
                                    <span class="iconCategory arrow-mobile RD_Desplegar2"></span>
                
                        <ul class="grandchild-menu">
                            <li>
                                <div class="back-to-category">
                                    <button class="back responsivo responsivo-tablet"></button>
                                        <span>Leite</span>
                                </div>
                            </li>
                            <li class="go-to-category-child">
                                <a href="#">Ver todos</a>
                            </li>
                                <span class="shop-by-cat-text">Comprar por categor&iacute;as</span>
                            <li>
                                <a href="#">Leite Magro</a>
                            </li>
                            <li>
                                <a href="#">Leite Meio Gordo</a>
                            </li>
                            <li>
                                <a href="#">Leite Gordo</a>
                            </li>
                            <li>
                                <a href="#">Leite Achocolatado e Aromatizado</a>
                            </li>
                            <li>
                                <a href="#">Leites Infantis</a>
                            </li>
                            <li>
                                <a href="#">Leite sem Lactose</a>
                            </li>
                        </ul>
                            </li>
                            <li>
                                <a href="#">Iogurtes</a>
                                    <span class="iconCategory arrow-mobile RD_Desplegar2"></span>
                
                        <ul class="grandchild-menu">
                            <li>
                                <div class="back-to-category">
                                    <button class="back responsivo responsivo-tablet"></button>
                                        <span>Iogurtes</span>
                                </div>
                            </li>
                            <li class="go-to-category-child">
                                <a href="#">Ver Iogurtes</a>
                            </li>
                                <span class="shop-by-cat-text">Comprar por categor&iacute;as</span>
                            <li>
                                <a href="#">Iogurtes Líquidos</a>
                            </li>
                            <li>
                                <a href="#">Iogurtes Aromas e Naturais</a>
                            </li>
                            <li>
                                <a href="#">Iogurtes Magros</a>
                            </li>
                            <li>
                                <a href="#">Iogurtes Bifidus</a>
                            </li>
                            <li>
                                <a href="#">Iogurtes Proteína</a>
                            </li>
                            <li>
                                <a href="#">Iogurtes Pedaços</a>
                            </li>
                            <li>
                                <a href="#">Iogurtes Gregos</a>
                            </li>
                            <li>
                                <a href="#">Iogurtes Infantis</a>
                            </li>
                            <li>
                                <a href="#">Iogurtes sem Lactose</a>
                            </li>
                            <li>
                                <a href="#">Vegegurtes e Yofu</a>
                            </li>
                        </ul>
                    </li>
                            <li>
                                <a href="#">Manteigas e Cremes para Barrar</a>
                                    <span class="iconCategory arrow-mobile RD_Desplegar2"></span>
                
                        <ul class="grandchild-menu">
                            <li>
                                <div class="back-to-category">
                                    <button class="back responsivo responsivo-tablet"></button>
                                        <span>Manteigas e Cremes para Barrar</span>
                                </div>
                            </li>
                            <li class="go-to-category-child">
                                <a href="#">Ver Manteigas e Cremes para Barrar</a>
                            </li>
                                <span class="shop-by-cat-text">Comprar por categor&iacute;as</span>
                            <li>
                                <a href="#">Manteigas</a>
                            </li>
                            <li>
                                <a href="#">Cremes para Barrar</a>
                            </li>
                            <li>
                                <a href="#">Cremes Culinários</a>
                            </li>
                        </ul>
                    </li>
                            <li>
                                <a href="#">Natas e Bechamel</a>
                                    <span class="iconCategory arrow-mobile RD_Desplegar2"></span>
                
                        <ul class="grandchild-menu">
                            <li>
                                <div class="back-to-category">
                                    <button class="back responsivo responsivo-tablet"></button>
                                        <span>Natas e Bechamel</span>
                                </div>
                            </li>
                            <li class="go-to-category-child">
                                <a href="#">Ver Natas e Bechamel</a>
                            </li>
                                <span class="shop-by-cat-text">Comprar por categor&iacute;as</span>
                            <li>
                                <a href="#">Natas Frescas e para Bater</a>
                            </li>
                            <li>
                                <a href="#">Natas Culinária</a>
                            </li>
                            <li>
                                <a href="#">Cremes Vegetais</a>
                            </li>
                            <li>
                                <a href="#">Molho Bechamel</a>
                            </li>
                            <li>
                                <a href="#">Chantilly</a>
                            </li>
                        </ul>
                    </li>
                            <li>
                                <a href="#">Bebidas Vegetais</a>
                                    <span class="iconCategory arrow-mobile RD_Desplegar2"></span>
                
                        <ul class="grandchild-menu">
                            <li>
                                <div class="back-to-category">
                                    <button class="back responsivo responsivo-tablet"></button>
                                        <span>Bebidas Vegetais</span>
                                </div>
                            </li>
                            <li class="go-to-category-child">
                                <a href="#">Ver Bebidas Vegetais</a>
                            </li>
                                <span class="shop-by-cat-text">Comprar por categor&iacute;as</span>
                            <li>
                                <a href="#">Bebida Soja</a>
                            </li>
                            <li>
                                <a href="#">Bebida Aveia</a>
                            </li>
                            <li>
                                <a href="#">Bebida Amêndoa</a>
                            </li>
                            <li>
                                <a href="#">Bebida Arroz</a>
                            </li>
                            <li>
                                <a href="#">Outras Bebidas Vegetais</a>
                            </li>
                        </ul>
                    </li>
                
                            <li>
                                <a href="#">Sobremesas</a>
                                    <span class="iconCategory arrow-mobile RD_Desplegar2"></span>
                
                        <ul class="grandchild-menu">
                            <li>
                                <div class="back-to-category">
                                    <button class="back responsivo responsivo-tablet"></button>
                                        <span>Sobremesas</span>
                                </div>
                            </li>
                            <li class="go-to-category-child">
                                <a href="#">Ver Sobremesas</a>
                            </li>
                                <span class="shop-by-cat-text">Comprar por categor&iacute;as</span>
                            <li>
                                <a href="#">Gelatinas</a>
                            </li>
                            <li>
                                <a href="#">Mousses e Pudins</a>
                            </li>
                        </ul>
                    </li>
                
                            <li>
                                <a href="#">Queijos</a>
                                    <span class="iconCategory arrow-mobile RD_Desplegar2"></span>
                
                        <ul class="grandchild-menu">
                            <li>
                                <div class="back-to-category">
                                    <button class="back responsivo responsivo-tablet"></button>
                                        <span>Queijos</span>
                                </div>
                            </li>
                            <li class="go-to-category-child">
                                <a href="#">Ver Queijos</a>
                            </li>
                                <span class="shop-by-cat-text">Comprar por categor&iacute;as</span>
                            <li>
                                <a href="#">Fatiado</a>
                            </li>
                            <li>
                                <a href="#">Bola, Metades e Quartos</a>
                            </li>
                            <li>
                                <a href="#">Ralado</a>
                            </li>
                            <li>
                                <a href="#">Fresco, Requeijão e Mozzarella</a>
                            </li>
                            <li>
                                <a href="#">Barrar</a>
                            </li>
                            <li>
                                <a href="#">Amanteigado</a>
                            </li>
                            <li>
                                <a href="#">Curado</a>
                            </li>
                            <li>
                                <a href="#">Queijos do Mundo</a>
                            </li>
                            <li>
                                <a href="#">Snacks</a>
                            </li>
                        </ul>
                            <li>
                                <a href="#">Ovos</a>
                                    <span class="iconCategory arrow-mobile RD_Desplegar2"></span>
            
                        <ul class="grandchild-menu">
                            <li>
                                <div class="back-to-category">
                                    <button class="back responsivo responsivo-tablet"></button>
                                        <span>Ovos</span>
                                </div>
                            </li>
                            <li class="go-to-category-child">
                                <a href="#">Ver Ovos</a>
                            </li>
                                <span class="shop-by-cat-text">Comprar por categor&iacute;as</span>
                            <li>
                                <a href="#">Ovos de Galinhas Biológicas</a>
                            </li>
                            <li>
                                <a href="#">Ovos de Galinhas Criadas ao Ar Livre</a>
                            </li>
                            <li>
                                <a href="#">Ovos de Galinhas Criadas no Solo</a>
                            </li>
                            <li>
                                <a href="#">Ovos de Galinhas de Gaiola</a>
                            </li>
                            <li>
                                <a href="#">Ovos de Codorniz</a>
                            </li>
                            <li>
                                <a href="#">Claras de Ovos</a>
                            </li>
                        </ul>
                    </div>
                </li>
            
                            <li>
                                <img class="hot" src="https://img.icons8.com/pastel-glyph/64/000000/energy-sport-drink.png"/>
                                    <button class="btn-main-category">Bebidas</button>
                                        <div class="child-menu child-menu-cuidado-del-hogar">
                                            <div class="back-to-category">
                                                <button class="back responsivo responsivo-tablet"></button>
                                                <span>Bebidas</span>
                                            </div>
                                            <div class="category-link">
                                                <span class="iconCategory cuidado-del-hogar"></span>
                                                    <a href="#" class="go-to-category">Ver todos</a>
                                            </div>
                                                <span class="shop-by-cat-text">Comprar por categor&iacute;as</span>
            
                        <ul class="child-menu-container">
                            <li>
                                <a href="#">Vinho tinto</a>
                                    <span class="iconCategory arrow-mobile RD_Desplegar2"></span>
                
                        <ul class="grandchild-menu">
                            <li>
                                <div class="back-to-category">
                                    <button class="back responsivo responsivo-tablet"></button>
                                        <span>Vinho tinto</span>
                                </div>
                            </li>
                            <li class="go-to-category-child">
                                <a href="#">Ver Vinho tinto</a>
                            </li>
                                <span class="shop-by-cat-text">Comprar por categor&iacute;as</span>
                            <li>
                                <a href="#">Vinho tinto alentejano</a>
                            </li>
                            <li>
                                <a href="#">Vinho tinto corrente</a>
                            </li>
                            <li>
                                <a href="#">Vinho tinto dão e bairrada</a>
                            </li>
                            <li>
                                <a href="#">Vinho tinto douro</a>
                            </li>
                            <li>
                                <a href="#">Vinho tinto setúbal e tejo</a>
                            </li>
                        </ul>
                    </li>
                            <li>
                                <a href="#">Vinho branco</a>
                                    <span class="iconCategory arrow-mobile RD_Desplegar2"></span>
                
                        <ul class="grandchild-menu">
                            <li>
                                <div class="back-to-category">
                                    <button class="back responsivo responsivo-tablet"></button>
                                        <span>Vinho branco</span>
                                </div>
                            </li>
                            <li class="go-to-category-child">
                                <a href="#">Ver Vinho branco</a>
                            </li>
                                <span class="shop-by-cat-text">Comprar por categor&iacute;as</span>
                            <li>
                                <a href="#">Vinho branco alentejano</a>
                            </li>
                            <li>
                                <a href="#">Vinho branco corrente</a>
                            </li>
                            <li>
                                <a href="#">Vinho branco dão e beiras</a>
                            </li>
                            <li>
                                <a href="#">Vinho branco douro</a>
                            </li>
                            <li>
                                <a href="#">Vinho branco setúbal e tejo</a>
                            </li>
                        </ul>
                    </li>
                            <li>
                                <a href="#">Vinho verde</a>
                                    <span class="iconCategory arrow-mobile RD_Desplegar2"></span>
                
                        <ul class="grandchild-menu">
                            <li>
                                <div class="back-to-category">
                                    <button class="back responsivo responsivo-tablet"></button>
                                        <span>Vinho verde</span>
                                </div>
                            </li>
                            <li class="go-to-category-child">
                                <a href="#">Ver Vinho verde</a>
                            </li>
                                <span class="shop-by-cat-text">Comprar por categor&iacute;as</span>
                            <li>
                                <a href="#">Vinho verde tinto</a>
                            </li>
                            <li>
                                <a href="#">Vinho verde branco</a>
                            </li>
                            <li>
                                <a href="#">Vinho verde rosé</a>
                            </li>
                        </ul>
                            </li>
                            <li>
                                <a href="#">Vinho rosé</a>
                                    <span class="iconCategory arrow-mobile RD_Desplegar2"></span>
                
                        <ul class="grandchild-menu">
                            <li>
                                <div class="back-to-category">
                                    <button class="back responsivo responsivo-tablet"></button>
                                        <span>Vinho rosé</span>
                                </div>
                            </li>
                            <li class="go-to-category-child">
                                <a href="#">Ver Vinho rosé</a>
                            </li>
                                <span class="shop-by-cat-text">Comprar por categor&iacute;as</span>
                            <li>
                                <a href="#">Vinho rosé outros</a>
                            </li>
                            <li>
                                <a href="#">Vinho rosé corrente</a>
                            </li>
                        </ul>
                            </li>
                            <li>
                                <a href="#">Outros vinhos</a>
                                    <span class="iconCategory arrow-mobile RD_Desplegar2"></span>
                
                        <ul class="grandchild-menu">
                            <li>
                                <div class="back-to-category">
                                    <button class="back responsivo responsivo-tablet"></button>
                                        <span>Outros vinhos</span>
                                </div>
                            </li>
                            <li class="go-to-category-child">
                                <a href="#">Ver Outros vinhos</a>
                            </li>
                                <span class="shop-by-cat-text">Comprar por categor&iacute;as</span>
                            <li>
                                <a href="#">Aromatizantes</a>
                            </li>
                            <li>
                                <a href="#">Sangrias</a>
                            </li>
                        </ul>
                            </li>
                
                            <li>
                                <a href="#">Bebidas espirituosas e espumantes</a>
                                    <span class="iconCategory arrow-mobile RD_Desplegar2"></span>
                
                        <ul class="grandchild-menu">
                            <li>
                                <div class="back-to-category">
                                    <button class="back responsivo responsivo-tablet"></button>
                                        <span>Bebidas espirituosas e espumantes</span>
                                </div>
                            </li>
                            <li class="go-to-category-child">
                                <a href="#">Ver Bebidas espirituosas e espumantes</a>
                            </li>
                                <span class="shop-by-cat-text">Comprar por categor&iacute;as</span>
                            <li>
                                <a href="#">Outras bebidas espirituosas</a>
                            </li>
                            <li>
                                <a href="#">Vinho do porto e moscatel</a>
                            </li>
                            <li>
                                <a href="#">Espumantes</a>
                            </li>
                            <li>
                                <a href="#">Vodka e gin</a>
                            </li>
                            <li>
                                <a href="#">Whisky</a>
                            </li>
                            <li>
                                <a href="#">Licores</a>
                            </li>
                        </ul>
                    </li>
                
                            <li>
                                <a href="#">Cervejas e sidras</a>
                                    <span class="iconCategory arrow-mobile RD_Desplegar2"></span>
                
                        <ul class="grandchild-menu">
                            <li>
                                <div class="back-to-category">
                                    <button class="back responsivo responsivo-tablet"></button>
                                        <span>Cervejas e sidras</span>
                                </div>
                            </li>
                            <li class="go-to-category-child">
                                <a href="#">Ver Cervejas e sidras</a>
                            </li>
                                <span class="shop-by-cat-text">Comprar por categor&iacute;as</span>
                            <li>
                                <a href="#">Especiais</a>
                            </li>
                            <li>
                                <a href="#">Brancas com álcool</a>
                            </li>
                            <li>
                                <a href="#">Sem álcool</a>
                            </li>
                            <li>
                                <a href="#">Sidras</a>
                            </li>
                        </ul>
            
                            <li>
                                <a href="#">Águas</a>
                                    <span class="iconCategory arrow-mobile RD_Desplegar2"></span>
                
                        <ul class="grandchild-menu">
                            <li>
                                <div class="back-to-category">
                                    <button class="back responsivo responsivo-tablet"></button>
                                        <span>Águas</span>
                                </div>
                            </li>
                            <li class="go-to-category-child">
                                <a href="#">Ver Águas</a>
                            </li>
                                <span class="shop-by-cat-text">Comprar por categor&iacute;as</span>
                            <li>
                                <a href="#">Com gás</a>
                            </li>
                            <li>
                                <a href="#">Sem gás</a>
                            </li>
                        </ul>
            
                            <li>
                                <a href="#">Sumos e néctares</a>
                                    <span class="iconCategory arrow-mobile RD_Desplegar2"></span>
            
                        <ul class="grandchild-menu">
                            <li>
                                <div class="back-to-category">
                                    <button class="back responsivo responsivo-tablet"></button>
                                        <span>Sumos e néctares</span>
                                </div>
                            </li>
                            <li class="go-to-category-child">
                                <a href="#">Ver Sumos e néctares</a>
                            </li>
                                <span class="shop-by-cat-text">Comprar por categor&iacute;as</span>
                            <li>
                                <a href="#">Néctares e sumos 100%</a>
                            </li>
                            <li>
                                <a href="#">Sumos</a>
                            </li>
                            <li>
                                <a href="#">Sumos infantis</a>
                            </li>
                        </ul>
            
                            <li>
                                <a href="#">Refrigerantes</a>
                                    <span class="iconCategory arrow-mobile RD_Desplegar2"></span>
            
                        <ul class="grandchild-menu">
                            <li>
                                <div class="back-to-category">
                                    <button class="back responsivo responsivo-tablet"></button>
                                        <span>Refrigerantes</span>
                                </div>
                            </li>
                            <li class="go-to-category-child">
                                <a href="#">Ver Refrigerantes</a>
                            </li>
                                <span class="shop-by-cat-text">Comprar por categor&iacute;as</span>
                            <li>
                                <a href="#">Água tónica e ginger ale</a>
                            </li>
                            <li>
                                <a href="#">Bebidas isotónicas e energéticas</a>
                            </li>
                            <li>
                                <a href="#">Colas e lima-limão</a>
                            </li>
                            <li>
                                <a href="#">Ice teas</a>
                            </li>
                            <li>
                                <a href="#">Pós e concentrados para preparar</a>
                            </li>
                            <li>
                                <a href="#">Sumos com gás</a>
                            </li>
                            <li>
                                <a href="#">Sumos sem gás</a>
                            </li>
                        </ul>
                    </div>
                </li>
            
                            <li>
                                <img class="hot" src="https://img.icons8.com/ios/50/000000/shower-and-tub.png"/>
                                    <button class="btn-main-category">Higiene Beleza e Bem Estar</button>
                                        <div class="child-menu child-menu-mascotas">
                                            <div class="back-to-category">
                                                <button class="back responsivo responsivo-tablet"></button>
                                                    <span>Higiene Beleza e Bem Estar</span>
                                            </div>
                                            <div class="category-link">
                                                <span class="iconCategory mascotas"></span>
                                                    <a href="#" class="go-to-category">Higiene Beleza e Bem Estar - Ver todos</a>
                                            </div>
                                                <span class="shop-by-cat-text">Comprar por categor&iacute;as</span>
            
                        <ul class="child-menu-container">
                            <li>
                                <a href="#">Higiene oral</a>
                                    <span class="iconCategory arrow-mobile RD_Desplegar2"></span>
                
                        <ul class="grandchild-menu">
                            <li>
                                <div class="back-to-category">
                                    <button class="back responsivo responsivo-tablet"></button>
                                        <span>Higiene oral</span>
                                </div>
                            </li>
                            <li class="go-to-category-child">
                                <a href="#">Ver Higiene oral</a>
                            </li>
                                <span class="shop-by-cat-text">Comprar por categor&iacute;as</span>
                            <li>
                                <a href="#">Cuidados próteses</a>
                            </li>
                            <li>
                                <a href="#">Elixires</a>
                            </li>
                            <li>
                                <a href="#">Limpeza dentária</a>
                            </li>
                            <li>
                                <a href="#">Pastas de dentes</a>
                            </li>
                        </ul>
                    </li>
                            <li>
                                <a href="#">Higiene íntima</a>
                                    <span class="iconCategory arrow-mobile RD_Desplegar2"></span>
                
                        <ul class="grandchild-menu">
                            <li>
                                <div class="back-to-category">
                                    <button class="back responsivo responsivo-tablet"></button>
                                        <span>Higiene íntima</span>
                                </div>
                            </li>
                            <li class="go-to-category-child">
                                <a href="#">Ver Higiene íntima</a>
                            </li>
                                <span class="shop-by-cat-text">Comprar por categor&iacute;as</span>
                            <li>
                                <a href="#">Higiene</a>
                            </li>
                            <li>
                                <a href="#">Incontinência</a>
                            </li>
                            <li>
                                <a href="#">Pensos diários</a>
                            </li>
                            <li>
                                <a href="#">Pensos higiénicos</a>
                            </li>
                            <li>
                                <a href="#">Tampões</a>
                            </li>
                        </ul>
                    </li>
                            <li>
                                <a href="#">Higiene e cuidado corporal</a>
                                    <span class="iconCategory arrow-mobile RD_Desplegar2"></span>
                
                        <ul class="grandchild-menu">
                            <li>
                                <div class="back-to-category">
                                    <button class="back responsivo responsivo-tablet"></button>
                                        <span>Higiene e cuidado corporal</span>
                                </div>
                            </li>
                            <li class="go-to-category-child">
                                <a href="#">Ver Higiene e cuidado corporal</a>
                            </li>
                                <span class="shop-by-cat-text">Comprar por categor&iacute;as</span>
                            <li>
                                <a href="#">Produtos solares</a>
                            </li>
                            <li>
                                <a href="#">Gel de banho</a>
                            </li>
                            <li>
                                <a href="#">Hidratantes e loções corporais</a>
                            </li>
                        </ul>
                    </li>
                            <li>
                                <a href="#">Saúde</a>
                                    <span class="iconCategory arrow-mobile RD_Desplegar2"></span>
                
                        <ul class="grandchild-menu">
                            <li>
                                <div class="back-to-category">
                                    <button class="back responsivo responsivo-tablet"></button>
                                        <span>Saúde</span>
                                </div>
                            </li>
                            <li class="go-to-category-child">
                                <a href="#">Ver Saúde</a>
                            </li>
                                <span class="shop-by-cat-text">Comprar por categor&iacute;as</span>
                            <li>
                                <a href="#">Higiene sexual</a>
                            </li>
                            <li>
                                <a href="#">Primeiros socorros</a>
                            </li>
                        </ul>
                    </li>
                            <li>
                                <a href="#">Cuidado do cabelo</a>
                                    <span class="iconCategory arrow-mobile RD_Desplegar2"></span>
                
                        <ul class="grandchild-menu">
                            <li>
                                <div class="back-to-category">
                                    <button class="back responsivo responsivo-tablet"></button>
                                        <span>Cuidado do cabelo</span>
                                </div>
                            </li>
                            <li class="go-to-category-child">
                                <a href="#">Ver Cuidado do cabelo</a>
                            </li>
                                <span class="shop-by-cat-text">Comprar por categor&iacute;as</span>
                            <li>
                                <a href="#">Champôs</a>
                            </li>
                            <li>
                                <a href="#">Colorações</a>
                            </li>
                            <li>
                                <a href="#">Máscaras e condicionadores</a>
                            </li>
                            <li>
                                <a href="#">Styling</a>
                            </li>
                        </ul>
            
                            <li>
                                <a href="#">Cuidado e limpeza do rosto</a>
                                    <span class="iconCategory arrow-mobile RD_Desplegar2"></span>
            
                        <ul class="grandchild-menu">
                            <li>
                                <div class="back-to-category">
                                    <button class="back responsivo responsivo-tablet"></button>
                                        <span>Cuidado e limpeza do rosto</span>
                                </div>
                            </li>
                            <li class="go-to-category-child">
                                <a href="#">Ver Cuidado e limpeza do rosto</a>
                            </li>
                                <span class="shop-by-cat-text">Comprar por categor&iacute;as</span>
                            <li>
                                <a href="#">Cremes de rosto</a>
                            </li>
                            <li>
                                <a href="#">Limpeza facial</a>
                            </li>
                        </ul>
            
                            <li>
                                <a href="#">Desodorizantes</a>
                                    <span class="iconCategory arrow-mobile RD_Desplegar2"></span>
            
                        <ul class="grandchild-menu">
                            <li>
                                <div class="back-to-category">
                                    <button class="back responsivo responsivo-tablet"></button>
                                        <span>Desodorizantes</span>
                                </div>
                            </li>
                            <li class="go-to-category-child">
                                <a href="#">Ver Desodorizantes</a>
                            </li>
                                <span class="shop-by-cat-text">Comprar por categor&iacute;as</span>
                            <li>
                                <a href="#">Roll-on</a>
                            </li>
                            <li>
                                <a href="#">Spray</a>
                            </li>
                        </ul>
            
                            <li>
                                <a href="#">Cuidado mãos e pés</a>
                                    <span class="iconCategory arrow-mobile RD_Desplegar2"></span>
            
                        <ul class="grandchild-menu">
                            <li>
                                <div class="back-to-category">
                                    <button class="back responsivo responsivo-tablet"></button>
                                        <span>Cuidado mãos e pés</span>
                                </div>
                            </li>
                            <li class="go-to-category-child">
                                <a href="#">Ver Cuidado mãos e pés</a>
                            </li>
                                <span class="shop-by-cat-text">Comprar por categor&iacute;as</span>
                            <li>
                                <a href="#">Sabonetes líquidos</a>
                            </li>
                            <li>
                                <a href="#">Sabonetes sólidos</a>
                            </li>
                            <li>
                                <a href="#">Tratamento</a>
                            </li>
                        </ul>
            
                            <li>
                                <a href="#">Depilatórios</a>
                                    <span class="iconCategory arrow-mobile RD_Desplegar2"></span>
            
                        <ul class="grandchild-menu">
                            <li>
                                <div class="back-to-category">
                                    <button class="back responsivo responsivo-tablet"></button>
                                        <span>Depilatórios</span>
                                </div>
                            </li>
                            <li class="go-to-category-child">
                                <a href="#">Ver Depilatórios</a>
                            </li>
                                <span class="shop-by-cat-text">Comprar por categor&iacute;as</span>
                            <li>
                                <a href="#">Cremes e bandas depilatórias</a>
                            </li>
                            <li>
                                <a href="#">Lâminas e máquinas depilatórias</a>
                            </li>
                        </ul>
            
                            <li>
                                <a href="#">Homem</a>
                                    <span class="iconCategory arrow-mobile RD_Desplegar2"></span>
            
                        <ul class="grandchild-menu">
                            <li>
                                <div class="back-to-category">
                                    <button class="back responsivo responsivo-tablet"></button>
                                        <span>Homem</span>
                                </div>
                            </li>
                            <li class="go-to-category-child">
                                <a href="#">Ver Homem</a>
                            </li>
                                <span class="shop-by-cat-text">Comprar por categor&iacute;as</span>
                            <li>
                                <a href="#">Aftershave</a>
                            </li>
                            <li>
                                <a href="#">Desodorizantes</a>
                            </li>
                            <li>
                                <a href="#">Espuma e gel de barbear</a>
                            </li>
                            <li>
                                <a href="#">Gel banho e champôs</a>
                            </li>
                            <li>
                                <a href="#">Lâminas e máquinas de barbear</a>
                            </li>
                        </ul>
            
                            <li>
                                <a href="#">Papel higiénico e lenços</a>
                                    <span class="iconCategory arrow-mobile RD_Desplegar2"></span>
            
                        <ul class="grandchild-menu">
                            <li>
                                <div class="back-to-category">
                                    <button class="back responsivo responsivo-tablet"></button>
                                        <span>Papel higiénico e lenços</span>
                                </div>
                            </li>
                            <li class="go-to-category-child">
                                <a href="#">Ver Papel higiénico e lenços</a>
                            </li>
                                <span class="shop-by-cat-text">Comprar por categor&iacute;as</span>
                            <li>
                                <a href="#">Lenços de papel e toalhitas</a>
                            </li>
                            <li>
                                <a href="#">Papel higiénico</a>
                            </li>
                        </ul> 
                    </ul>
                </div>
            </li>
            
                            <li>
                                <img class="hot" src="https://img.icons8.com/external-bzzricon-outline-bzzricon-studio/64/000000/external-cleaning-labour-day-bzzricon-outline-bzzricon-outline-bzzricon-studio.png"/>
                                    <button class="btn-main-category">Limpeza e cuidado do lar</button>
                                        <div class="child-menu child-menu-mascotas">
                                            <div class="back-to-category">
                                                <button class="back responsivo responsivo-tablet"></button>
                                                    <span>Limpeza e cuidado do lar</span>
                                            </div>
                                            <div class="category-link">
                                                <span class="iconCategory mascotas"></span>
                                                    <a href="#" class="go-to-category">Limpeza e Cuidado do Lar - Ver todos</a>
                                            </div>
                                                <span class="shop-by-cat-text">Comprar por categor&iacute;as</span>
            
                        <ul class="child-menu-container">
                            <li>
                                <a href="#">Ambientadores e inseticidas</a>
                                    <span class="iconCategory arrow-mobile RD_Desplegar2"></span>
            
                        <ul class="grandchild-menu">
                            <li>
                                <div class="back-to-category">
                                    <button class="back responsivo responsivo-tablet"></button>
                                        <span>Ambientadores e inseticidas</span>
                                </div>
                            </li>
                            <li class="go-to-category-child">
                                <a href="#">Ver Ambientadores e inseticidas</a>
                            </li>
                                <span class="shop-by-cat-text">Comprar por categor&iacute;as</span>
                            <li>
                                <a href="#">Outros ambientadores</a>
                            </li>
                        </ul>
                            </li>
                            <li>
                                <a href="#">Automóveis</a>
                                    <span class="iconCategory arrow-mobile RD_Desplegar2"></span>
            
                        <ul class="grandchild-menu">
                            <li>
                                <div class="back-to-category">
                                    <button class="back responsivo responsivo-tablet"></button>
                                        <span>Automóveis</span>
                                </div>
                            </li>
                            <li class="go-to-category-child">
                                <a href="#">Ver Automóveis</a>
                            </li>
                                <span class="shop-by-cat-text">Comprar por categor&iacute;as</span>
                        </ul>
                            </li>
                            <li>
                                <a href="#">Calçado</a>
                                    <span class="iconCategory arrow-mobile RD_Desplegar2"></span>
            
                        <ul class="grandchild-menu">
                            <li>
                                <div class="back-to-category">
                                    <button class="back responsivo responsivo-tablet"></button>
                                        <span>Calçado</span>
                                </div>
                            </li>
                            <li class="go-to-category-child">
                                <a href="#">Ver Calçado</a>
                            </li>
                                <span class="shop-by-cat-text">Comprar por categor&iacute;as</span>
                            <li>
                                <a href="#">Calçado</a>
                            </li>
                        </ul>
                            </li>
                            <li>
                                <a href="#">Acessórios e utensílios para o lar</a>
                                    <span class="iconCategory arrow-mobile RD_Desplegar2"></span>
            
                        <ul class="grandchild-menu">
                            <li>
                                <div class="back-to-category">
                                    <button class="back responsivo responsivo-tablet"></button>
                                        <span>Acessórios e utensílios para o lar</span>
                                </div>
                            </li>
                            <li class="go-to-category-child">
                                <a href="#">Ver Acessórios e utensílios para o lar</a>
                            </li>
                                <span class="shop-by-cat-text">Comprar por categor&iacute;as</span>
                            <li>
                                <a href="#">Luvas</a>
                            </li>
                            <li>
                                <a href="#">Sacos para lixo</a>
                            </li>
                            <li>
                                <a href="#">Conservação e organização de alimentos</a>
                            </li>
                            <li>
                                <a href="#">Esfregonas</a>
                            </li>
                            <li>
                                <a href="#">Esfregões</a>
                            </li>
                            <li>
                                <a href="#">Outros acessórios e utensílios</a>
                            </li>
                            <li>
                                <a href="#">Panos</a>
                            </li>
                        </ul>
                            </li>
                            <li>
                                <a href="#">Aquecimento</a>
                                    <span class="iconCategory arrow-mobile RD_Desplegar2"></span>
            
                        <ul class="grandchild-menu">
                            <li>
                                <div class="back-to-category">
                                    <button class="back responsivo responsivo-tablet"></button>
                                        <span>Aquecimento</span>
                                </div>
                            </li>
                            <li class="go-to-category-child">
                                <a href="#">Ver Aquecimento</a>
                            </li>
                                <span class="shop-by-cat-text">Comprar por categor&iacute;as</span>
                            <li>
                                <a href="#">Acendalhas</a>
                            </li>
                        </ul>
            
                            <li>
                                <a href="#">Limpeza da casa</a>
                                    <span class="iconCategory arrow-mobile RD_Desplegar2"></span>
            
                        <ul class="grandchild-menu">
                            <li>
                                <div class="back-to-category">
                                    <button class="back responsivo responsivo-tablet"></button>
                                        <span>Limpeza da casa</span>
                                </div>
                            </li>
                            <li class="go-to-category-child">
                                <a href="#">Ver Limpeza da casa</a>
                            </li>
                                <span class="shop-by-cat-text">Comprar por categor&iacute;as</span>
                            <li>
                                <a href="#">Casa de banho</a>
                            </li>
                            <li>
                                <a href="#">Cozinha</a>
                            </li>
                            <li>
                                <a href="#">Limpeza geral</a>
                            </li>
                            <li>
                                <a href="#">Móveis e madeiras</a>
                            </li>
                            <li>
                                <a href="#">Vidros</a>
                            </li>
                        </ul>
            
                            <li>
                                <a href="#">Loiça</a>
                                    <span class="iconCategory arrow-mobile RD_Desplegar2"></span>
            
                        <ul class="grandchild-menu">
                            <li>
                                <div class="back-to-category">
                                    <button class="back responsivo responsivo-tablet"></button>
                                        <span>Loiça</span>
                                </div>
                            </li>
                            <li class="go-to-category-child">
                                <a href="#">Ver Loiça</a>
                            </li>
                                <span class="shop-by-cat-text">Comprar por categor&iacute;as</span>
                            <li>
                                <a href="#">Detergente manual loiça</a>
                            </li>
                            <li>
                                <a href="#">Máquina de lavar loiça</a>
                            </li>
                        </ul>
            
                            <li>
                                <a href="#">Roupa</a>
                                    <span class="iconCategory arrow-mobile RD_Desplegar2"></span>
            
                        <ul class="grandchild-menu">
                            <li>
                                <div class="back-to-category">
                                    <button class="back responsivo responsivo-tablet"></button>
                                        <span>Roupa</span>
                                </div>
                            </li>
                            <li class="go-to-category-child">
                                <a href="#">Ver Roupa</a>
                            </li>
                                <span class="shop-by-cat-text">Comprar por categor&iacute;as</span>
                            <li>
                                <a href="#">Amaciadores</a>
                            </li>
                            <li>
                                <a href="#">Complementos e lixivias</a>
                            </li>
                            <li>
                                <a href="#">Detergente manual roupa</a>
                            </li>
                            <li>
                                <a href="#">Detergente máquina cápsulas</a>
                            </li>
                            <li>
                                <a href="#">Detergente máquina líquido</a>
                            </li>
                            <li>
                                <a href="#">Detergente máquina pó</a>
                            </li>
                        </ul>
            
                            <li>
                                <a href="#">Papel</a>
                                    <span class="iconCategory arrow-mobile RD_Desplegar2"></span>
            
                        <ul class="grandchild-menu">
                            <li>
                                <div class="back-to-category">
                                    <button class="back responsivo responsivo-tablet"></button>
                                        <span>Papel</span>
                                </div>
                            </li>
                            <li class="go-to-category-child">
                                <a href="#">Ver Papel</a>
                            </li>
                                <span class="shop-by-cat-text">Comprar por categor&iacute;as</span>
                            <li>
                                <a href="#">Guardanapos</a>
                            </li>
                            <li>
                                <a href="#">Rolos de cozinha</a>
                            </li>
                        </ul>
                    </ul>
                </div>
            </li>
            
                            <li>
                                <img class="hot" src="https://img.icons8.com/ios/50/000000/pacifier.png"/>
                                    <button class="btn-main-category">Artigos de Bebé</button>
                                        <div class="child-menu child-menu-mascotas">
                                            <div class="back-to-category">
                                                <button class="back responsivo responsivo-tablet"></button>
                                                    <span>Artigos de Bebé</span>
                                            </div>
                                            <div class="category-link">
                                                <span class="iconCategory mascotas"></span>
                                                    <a href="#" class="go-to-category">Artigos de Bebé - Ver todos</a>
                                            </div>
                                                <span class="shop-by-cat-text">Comprar por categor&iacute;as</span>
            
                        <ul class="child-menu-container">
                            <li>
                                <a href="#">Leites Infantis</a>
                                    <span class="iconCategory arrow-mobile RD_Desplegar2"></span>
            
                        <ul class="grandchild-menu">
                            <li>
                                <div class="back-to-category">
                                    <button class="back responsivo responsivo-tablet"></button>
                                        <span>Leites Infantis</span>
                                </div>
                            </li>
                            <li class="go-to-category-child">
                                <a href="#">Ver Leites Infantis</a>
                            </li>
                                <span class="shop-by-cat-text">Comprar por categor&iacute;as</span>
                            <li>
                                <a href="#">Até 6 meses</a>
                            </li>
                            <li>
                                <a href="#">+ 6 meses</a>
                            </li>
                            <li>
                                <a href="#">+ 9 meses</a>
                            </li>
                            <li>
                                <a href="#">+ 12 meses</a>
                            </li>
                            <li>
                                <a href="#">+ 24 meses</a>
                            </li>
                            <li>
                                <a href="#">+ 3 anos</a>
                            </li>
                            <li>
                                <a href="#">Biberões, Tetinas e Escovilhões</a>
                            </li>
                        </ul>
                            </li>
            
                            <li>
                                <a href="#">Alimentação Infantil</a>
                                    <span class="iconCategory arrow-mobile RD_Desplegar2"></span>
                
                        <ul class="grandchild-menu">
                            <li>
                                <div class="back-to-category">
                                    <button class="back responsivo responsivo-tablet"></button>
                                        <span>Alimentação Infantil</span>
                                </div>
                            </li>
                            <li class="go-to-category-child">
                                <a href="#">Ver Alimentação Infantil</a>
                            </li>
                                <span class="shop-by-cat-text">Comprar por categor&iacute;as</span>
                            <li>
                                <a href="#">Boiões, Saquetas e Puré de Fruta</a>
                            </li>
                            <li>
                                <a href="#">Refeições</a>
                            </li>
                            <li>
                                <a href="#">Alimentos Lácteos</a>
                            </li>
                            <li>
                                <a href="#">Papas Infantis</a>
                            </li>
                            <li>
                                <a href="#">Snacks e Bolachinhas</a>
                            </li>
                            <li>
                                <a href="#">Babetes</a>
                            </li>
                            <li>
                                <a href="#">Cadeiras e Acessórios de Refeição </a>
                            </li>
                        </ul>
                            </li>
                            <li>
                                <a href="#">Fraldas e Toalhitas</a>
                                    <span class="iconCategory arrow-mobile RD_Desplegar2"></span>
            
                        <ul class="grandchild-menu">
                            <li>
                                <div class="back-to-category">
                                    <button class="back responsivo responsivo-tablet"></button>
                                        <span>Fraldas e Toalhitas</span>
                                </div>
                            </li>
                            <li class="go-to-category-child">
                                <a href="#">Ver Fraldas e Toalhitas</a>
                            </li>
                                <span class="shop-by-cat-text">Comprar por categor&iacute;as</span>
                            <li>
                                <a href="#">Packs Fraldas e Toalhitas XXL</a>
                            </li>
                            <li>
                                <a href="#">Fraldas &lt;2kg/2-5kg/3-6kg (T0, T1 e T2)</a>
                            </li>
                            <li>
                                <a href="#">Fraldas 4-11kg/9-15kg (T3 e T4)</a>
                            </li>
                            <li>
                                <a href="#">Fraldas 13-18kg/+18kg (T5 e T6)</a>
                            </li>
                            <li>
                                <a href="#">Fraldas de Aprendizagem</a>
                            </li>
                            <li>
                                <a href="#">Fraldas Cueca</a>
                            </li>
                            <li>
                                <a href="#">Fraldas de Banho</a>
                            </li>
                            <li>
                                <a href="#">Toalhitas</a>
                            </li>
                            <li>
                                <a href="#">Resguardos</a>
                            </li>
                        </ul>
                            </li>
                            <li>
                                <a href="#">Banho e Higiene</a>
                                    <span class="iconCategory arrow-mobile RD_Desplegar2"></span>
            
                        <ul class="grandchild-menu">
                            <li>
                                <div class="back-to-category">
                                    <button class="back responsivo responsivo-tablet"></button>
                                        <span>Banho e Higiene</span>
                                </div>
                            </li>
                            <li class="go-to-category-child">
                                <a href="#">Ver Banho e Higiene</a>
                            </li>
                                <span class="shop-by-cat-text">Comprar por categor&iacute;as</span>
                            <li>
                                <a href="#">Gel de Banho</a>
                            </li>
                            <li>
                                <a href="#">Cabelo e Perfumaria</a>
                            </li>
                            <li>
                                <a href="#">Protecção e Hidratação</a>
                            </li>
                            <li>
                                <a href="#">Cotonetes e Soro Fisiológico</a>
                            </li>
                            <li>
                                <a href="#">Bacios e Redutores</a>
                            </li>
                            <li>
                                <a href="#">Banheiras, Trocadores e Acessórios</a>
                            </li>
                            <li>
                                <a href="#">Acessórios de Higiene</a>
                            </li>
                        </ul>
                            </li>
                            <li>
                                <a href="#">Puericultura</a>
                                    <span class="iconCategory arrow-mobile RD_Desplegar2"></span>
            
                        <ul class="grandchild-menu">
                            <li>
                                <div class="back-to-category">
                                    <button class="back responsivo responsivo-tablet"></button>
                                        <span>Puericultura</span>
                                </div>
                            </li>
                            <li class="go-to-category-child">
                                <a href="#">Ver Puericultura</a>
                            </li>
                                <span class="shop-by-cat-text">Comprar por categor&iacute;as</span>
                            <li>
                                <a href="#">Cadeiras Auto e Carrinhos de Passeio</a>
                            </li>
                            <li>
                                <a href="#">Quarto do Bebé</a>
                            </li>
                            <li>
                                <a href="#">Bacios e Redutores</a>
                            </li>
                            <li>
                                <a href="#">Banho e Acessórios de Higiene</a>
                            </li>
                            <li>
                                <a href="#">Chupetas e Mordedores</a>
                            </li>
                            <li>
                                <a href="#">Biberões e Babetes</a>
                            </li>
                            <li>
                                <a href="#">Cadeiras e Acessórios de Refeição</a>
                            </li>
                            <li>
                                <a href="#">Mantas e Fraldas de Pano</a>
                            </li>
                            <li>
                                <a href="#">Bem-estar e Protecção</a>
                            </li>
                            <li>
                                <a href="#">Maternidade e Amamentação</a>
                            </li>
                        </ul>
            
                            <li>
                                <a href="#">Roupa do Bebé</a>
                                    <span class="iconCategory arrow-mobile RD_Desplegar2"></span>
            
                        <ul class="grandchild-menu">
                            <li>
                                <div class="back-to-category">
                                    <button class="back responsivo responsivo-tablet"></button>
                                        <span>Roupa do Bebé</span>
                                </div>
                            </li>
                            <li class="go-to-category-child">
                                <a href="#">Ver Roupa do Bebé</a>
                            </li>
                                <span class="shop-by-cat-text">Comprar por categor&iacute;as</span>
                        </ul>
            
                            <li>
                                <a href="#">Brinquedos e Livros</a>
                                    <span class="iconCategory arrow-mobile RD_Desplegar2"></span>
            
                        <ul class="grandchild-menu">
                            <li>
                                <div class="back-to-category">
                                    <button class="back responsivo responsivo-tablet"></button>
                                        <span>Brinquedos e Livros</span>
                                </div>
                            </li>
                            <li class="go-to-category-child">
                                <a href="#">Ver Brinquedos e Livros</a>
                            </li>
                                <span class="shop-by-cat-text">Comprar por categor&iacute;as</span>
                            <li>
                                <a href="#">Brinquedos de Bebé</a>
                            </li>
                            <li>
                                <a href="#">Livros de Bebé</a>
                            </li>
                            <li>
                                <a href="#">Livros de Gravidez e Puericultura</a>
                            </li>
                        </ul>
                    </ul>
            
                            <li>
                                <img class="hot" src="https://img.icons8.com/ios/50/000000/home--v1.png"/>
                                    <button class="btn-main-category">Casa, Bricolage e Jardim</button>
                                        <div class="child-menu child-menu-mascotas">
                                            <div class="back-to-category">
                                                <button class="back responsivo responsivo-tablet"></button>
                                                    <span>Casa, Bricolage e Jardim</span>
                                            </div>
                                            <div class="category-link">
                                                <span class="iconCategory mascotas"></span>
                                                    <a href="#" class="go-to-category">Casa, Bricolage e Jardim - Ver todos</a>
                                            </div>
                                                <span class="shop-by-cat-text">Comprar por categor&iacute;as</span>
            
                        <ul class="child-menu-container">
                            <li>
                                <a href="#">Cozinha</a>
                                    <span class="iconCategory arrow-mobile RD_Desplegar2"></span>
            
                        <ul class="grandchild-menu">
                            <li>
                                <div class="back-to-category">
                                    <button class="back responsivo responsivo-tablet"></button>
                                        <span>Cozinha</span>
                                </div>
                            </li>
                            <li class="go-to-category-child">
                                <a href="#">Ver Cozinha</a>
                            </li>
                                <span class="shop-by-cat-text">Comprar por categor&iacute;as</span>
                            <li>
                                <a href="#">Panelas, Frigideiras e Woks</a>
                            </li>
                            <li>
                                <a href="#">Jarros e Filtros para Água</a>
                            </li>
                            <li>
                                <a href="#">Caixas e Conservação de Alimentos</a>
                            </li>
                            <li>
                                <a href="#">Sacos Térmicos, Termos e Garrafas</a>
                            </li>
                            <li>
                                <a href="#">Formas e Acessórios de Pastelaria</a>
                            </li>
                            <li>
                                <a href="#">Facas e Utensílios</a>
                            </li>
                            <li>
                                <a href="#">Essenciais na Banca de Cozinha</a>
                            </li>
                            <li>
                                <a href="#">Acessórios de Vinho e Bar</a>
                            </li>
                            <li>
                                <a href="#">Forno</a>
                            </li>
                            <li>
                                <a href="#">Panos, Aventais e Pegas</a>
                            </li>
                            <li>
                                <a href="#">Baldes e Sacos do Lixo</a>
                            </li>
                            <li>
                                <a href="#">Películas e Sacos de Conservação</a>
                            </li>
                            <li>
                                <a href="#">Pequenos Eletrodomésticos</a>
                            </li>
                            <li>
                                <a href="#">Yämmi - Robot de Cozinha</a>
                            </li>
                        </ul>
                            </li>
                            <li>
                                <a href="#">Mesa e Festa</a>
                                    <span class="iconCategory arrow-mobile RD_Desplegar2"></span>
            
                        <ul class="grandchild-menu">
                            <li>
                                <div class="back-to-category">
                                    <button class="back responsivo responsivo-tablet"></button>
                                        <span>Mesa e Festa</span>
                                </div>
                            </li>
                            <li class="go-to-category-child">
                                <a href="#">Ver Mesa e Festa</a>
                            </li>
                                <span class="shop-by-cat-text">Comprar por categor&iacute;as</span>
                            <li>
                                <a href="#">Pratos e Serviços de Loiça</a>
                            </li>
                            <li>
                                <a href="#">Copos, Jarros e Garrafas</a>
                            </li>
                            <li>
                                <a href="#">Acessórios de Vinho e Bar</a>
                            </li>
                            <li>
                                <a href="#">Faqueiros e Talheres</a>
                            </li>
                            <li>
                                <a href="#">Loiça de Servir</a>
                            </li>
                            <li>
                                <a href="#">Canecas e Chávenas</a>
                            </li>
                            <li>
                                <a href="#">Toalhas, Guardanapos e Individuais</a>
                            </li>
                            <li>
                                <a href="#">Festa</a>
                            </li>
                        </ul>
                    </li>
                            <li>
                                <a href="#">Decoração</a>
                                    <span class="iconCategory arrow-mobile RD_Desplegar2"></span>
            
                        <ul class="grandchild-menu">
                            <li>
                                <div class="back-to-category">
                                    <button class="back responsivo responsivo-tablet"></button>
                                        <span>Decoração</span>
                                </div>
                            </li>
                            <li class="go-to-category-child">
                                <a href="#">Ver Decoração</a>
                            </li>
                                <span class="shop-by-cat-text">Comprar por categor&iacute;as</span>
                            <li>
                                <a href="#">Tapetes e Capachos</a>
                            </li>
                            <li>
                                <a href="#">Almofadas e Coxins</a>
                            </li>
                            <li>
                                <a href="#">Molduras</a>
                            </li>
                            <li>
                                <a href="#">Velas e Difusores</a>
                            </li>
                            <li>
                                <a href="#">Jarras e Plantas Artificiais</a>
                            </li>
                            <li>
                                <a href="#">Mantas e Sacas Água Quente</a>
                            </li>
                            <li>
                                <a href="#">Cestos e Caixas Decorativos</a>
                            </li>
                            <li>
                                <a href="#">Candeeiros</a>
                            </li>
                            <li>
                                <a href="#">Acessórios Decorativos</a>
                            </li>
                        </ul>
                    </li>
                            <li>
                                <a href="#">Mobiliário</a>
                                    <span class="iconCategory arrow-mobile RD_Desplegar2"></span>
            
                        <ul class="grandchild-menu">
                            <li>
                                <div class="back-to-category">
                                    <button class="back responsivo responsivo-tablet"></button>
                                        <span>Mobiliário</span>
                                </div>
                            </li>
                            <li class="go-to-category-child">
                                <a href="#">Ver Mobiliário</a>
                            </li>
                                <span class="shop-by-cat-text">Comprar por categor&iacute;as</span>
                            <li>
                                <a href="#">Mobiliário à Grande</a>
                            </li>
                            <li>
                                <a href="#">Armários e Estantes</a>
                            </li>
                            <li>
                                <a href="#">Sofás e Poltronas</a>
                            </li>
                            <li>
                                <a href="#">Cadeiras e Bancos</a>
                            </li>
                            <li>
                                <a href="#">Mesas e Mesas de Apoio</a>
                            </li>
                            <li>
                                <a href="#">Escritório</a>
                            </li>
                            <li>
                                <a href="#">Quarto</a>
                            </li>
                            <li>
                                <a href="#">Mobiliário de Jardim</a>
                            </li>
                        </ul>
                    </li>
                            <li>
                                <a href="#">Quarto e Colchões</a>
                                    <span class="iconCategory arrow-mobile RD_Desplegar2"></span>
            
                        <ul class="grandchild-menu">
                            <li>
                                <div class="back-to-category">
                                    <button class="back responsivo responsivo-tablet"></button>
                                        <span>Quarto e Colchões</span>
                                </div>
                            </li>
                            <li class="go-to-category-child">
                                <a href="#">Ver Quarto e Colchões</a>
                            </li>
                                <span class="shop-by-cat-text">Comprar por categor&iacute;as</span>
                            <li>
                                <a href="#">Roupa de Cama</a>
                            </li>
                            <li>
                                <a href="#">Edredões, Colchas e Mantas</a>
                            </li>
                            <li>
                                <a href="#">Protetores de Colchão e de Almofadas</a>
                            </li>
                            <li>
                                <a href="#">Almofadas</a>
                            </li>
                            <li>
                                <a href="#">Colchões e Estrados</a>
                            </li>
                            <li>
                                <a href="#">Camas e Sommiers</a>
                            </li>
                            <li>
                                <a href="#">Colchões Insufláveis</a>
                            </li>
                            <li>
                                <a href="#">Organizadores de Roupa e Sacos de Vácuo</a>
                            </li>
                            <li>
                                <a href="#">Mobiliário de Quarto</a>
                            </li>
                        </ul>
            
                            <li>
                                <a href="#">Banho</a>
                                    <span class="iconCategory arrow-mobile RD_Desplegar2"></span>
            
                        <ul class="grandchild-menu">
                            <li>
                                <div class="back-to-category">
                                    <button class="back responsivo responsivo-tablet"></button>
                                        <span>Banho</span>
                                </div>
                            </li>
                            <li class="go-to-category-child">
                                <a href="#">Ver Banho</a>
                            </li>
                                <span class="shop-by-cat-text">Comprar por categor&iacute;as</span>
                            <li>
                                <a href="#">Toalhas de Banho</a>
                            </li>
                            <li>
                                <a href="#">Cortinas e Tapetes</a>
                            </li>
                            <li>
                                <a href="#">Acessórios de Banho</a>
                            </li>
                            <li>
                                <a href="#">Cuidados Pessoais</a>
                            </li>
                        </ul>
            
                            <li>
                                <a href="#">Lavandaria e Arrumação</a>
                                    <span class="iconCategory arrow-mobile RD_Desplegar2"></span>
            
                        <ul class="grandchild-menu">
                            <li>
                                <div class="back-to-category">
                                    <button class="back responsivo responsivo-tablet"></button>
                                        <span>Lavandaria e Arrumação</span>
                                </div>
                            </li>
                            <li class="go-to-category-child">
                                <a href="#">Ver Lavandaria e Arrumação</a>
                            </li>
                                <span class="shop-by-cat-text">Comprar por categor&iacute;as</span>
                            <li>
                                <a href="#">Tábuas e Ferros de Engomar</a>
                            </li>
                            <li>
                                <a href="#">Estendais e Molas</a>
                            </li>
                            <li>
                                <a href="#">Organizadores de Roupa e Sacos de Vácuo</a>
                            </li>
                            <li>
                                <a href="#">Costura</a>
                            </li>
                            <li>
                                <a href="#">Bacias e Cestos de Roupa</a>
                            </li>
                            <li>
                                <a href="#">Arrumação, Caixas e Sacos</a>
                            </li>
                            <li>
                                <a href="#">Aspiradores e Lavadoras</a>
                            </li>
                            <li>
                                <a href="#">Vassouras, Esfregonas e Panos</a>
                            </li>
                            <li>
                                <a href="#">Baldes e Sacos do Lixo</a>
                            </li>
                        </ul>
            
                            <li>
                                <a href="#">Eletrodomésticos</a>
                                    <span class="iconCategory arrow-mobile RD_Desplegar2"></span>
            
                        <ul class="grandchild-menu">
                            <li>
                                <div class="back-to-category">
                                    <button class="back responsivo responsivo-tablet"></button>
                                        <span>Eletrodomésticos</span>
                                </div>
                            </li>
                            <li class="go-to-category-child">
                                <a href="#">Ver Eletrodomésticos</a>
                            </li>
                                <span class="shop-by-cat-text">Comprar por categor&iacute;as</span>
                            <li>
                                <a href="#">Yammi – Robot de Cozinha</a>
                            </li>
                            <li>
                                <a href="#">Preparação de Alimentos</a>
                            </li>
                            <li>
                                <a href="#">Pequeno Almoço</a>
                            </li>
                            <li>
                                <a href="#">Aspiradores e Lavadoras</a>
                            </li>
                            <li>
                                <a href="#">Tratamento da Roupa</a>
                            </li>
                            <li>
                                <a href="#">Cuidados Pessoais</a>
                            </li>
                            <li>
                                <a href="#">Tecnologia</a>
                            </li>
                            <li>
                                <a href="#">Aquecimento e Ventilação</a>
                            </li>
                        </ul>
            
                            <li>
                                <a href="#">Aquecimento</a>
                                    <span class="iconCategory arrow-mobile RD_Desplegar2"></span>
            
                        <ul class="grandchild-menu">
                            <li>
                                <div class="back-to-category">
                                    <button class="back responsivo responsivo-tablet"></button>
                                        <span>Aquecimento</span>
                                </div>
                            </li>
                            <li class="go-to-category-child">
                                <a href="#">Ver Aquecimento</a>
                            </li>
                                <span class="shop-by-cat-text">Comprar por categor&iacute;as</span>
                            <li>
                                <a href="#">Aquecedores</a>
                            </li>
                            <li>
                                <a href="#">Lenha, Pellets e Carvão</a>
                            </li>
                            <li>
                                <a href="#">Acendalhas e Acessórios de Lareira</a>
                            </li>
                        </ul>
            
                            <li>
                                <a href="#">Pilhas, Iluminação, Energia</a>
                                    <span class="iconCategory arrow-mobile RD_Desplegar2"></span>
            
                        <ul class="grandchild-menu">
                            <li>
                                <div class="back-to-category">
                                    <button class="back responsivo responsivo-tablet"></button>
                                        <span>Pilhas, Iluminação, Energia</span>
                                </div>
                            </li>
                            <li class="go-to-category-child">
                                <a href="#">Ver Pilhas, Iluminação, Energia</a>
                            </li>
                                <span class="shop-by-cat-text">Comprar por categor&iacute;as</span>
                            <li>
                                <a href="#">Lâmpadas</a>
                            </li>
                            <li>
                                <a href="#">Pilhas</a>
                            </li>
                            <li>
                                <a href="#">Smart Home</a>
                            </li>
                            <li>
                                <a href="#">Candeeiros e Luzes Decorativas</a>
                            </li>
                            <li>
                                <a href="#">Acessórios Eléctricos</a>
                            </li>
                            <li>
                                <a href="#">Extensões Eléctricas</a>
                            </li>
                        </ul>
            
                            <li>
                                <a href="#">Bricolage e Automóvel</a>
                                    <span class="iconCategory arrow-mobile RD_Desplegar2"></span>
            
                        <ul class="grandchild-menu">
                            <li>
                                <div class="back-to-category">
                                    <button class="back responsivo responsivo-tablet"></button>
                                        <span>Bricolage e Automóvel</span>
                                </div>
                            </li>
                            <li class="go-to-category-child">
                                <a href="#">Ver Bricolage e Automóvel</a>
                            </li>
                                <span class="shop-by-cat-text">Comprar por categor&iacute;as</span>
                            <li>
                                <a href="#">Ferramentas Eléctricas</a>
                            </li>
                            <li>
                                <a href="#">Ferramentas Manuais</a>
                            </li>
                            <li>
                                <a href="#">Quinquilharia e Arrumação</a>
                            </li>
                            <li>
                                <a href="#">Drogaria e Pintura</a>
                            </li>
                            <li>
                                <a href="#">Colas, Fitas e Isolamento</a>
                            </li>
                            <li>
                                <a href="#">Automóvel</a>
                            </li>
                        </ul>
            
                            <li>
                                <a href="#">Jardim, Piscinas, Barbecues</a>
                                    <span class="iconCategory arrow-mobile RD_Desplegar2"></span>
            
                        <ul class="grandchild-menu">
                            <li>
                                <div class="back-to-category">
                                    <button class="back responsivo responsivo-tablet"></button>
                                        <span>Jardim, Piscinas, Barbecues</span>
                                </div>
                            </li>
                            <li class="go-to-category-child">
                                <a href="#">Ver Jardim, Piscinas, Barbecues</a>
                            </li>
                                <span class="shop-by-cat-text">Comprar por categor&iacute;as</span>
                            <li>
                                <a href="#">Piscinas e Tratamento</a>
                            </li>
                            <li>
                                <a href="#">Barbecues, Carvão e Consumíveis</a>
                            </li>
                            <li>
                                <a href="#">Vasos, Sementes e Tratamento</a>
                            </li>
                            <li>
                                <a href="#">Rega e Ferramentas de Jardim</a>
                            </li>
                            <li>
                                <a href="#">Limpeza de Exterior</a>
                            </li>
                            <li>
                                <a href="#">Mobiliário de Jardim</a>
                            </li>
                            <li>
                                <a href="#">Iluminação Exterior</a>
                            </li>
                            <li>
                                <a href="#">Brinquedos de Exterior</a>
                            </li>
                            <li>
                                <a href="#">Casotas para Animais</a>
                            </li>
                        </ul>
                    </ul>
                </div>
            </li>
            
                            <li>
                                <img class="hot" src="https://img.icons8.com/external-glyph-andi-nur-abdillah/64/000000/external-animal-pets-and-veterinary-glyph-glyph-andi-nur-abdillah-24.png"/>
                                    <button class="btn-main-category">Artigos de Animais</button>
                                        <div class="child-menu child-menu-frescos">
                                            <div class="back-to-category">
                                                <button class="back responsivo responsivo-tablet"></button>
                                                    <span>Artigos de Animais</span>
                                            </div>
                                            <div class="category-link">
                                                <span class="iconCategory frescos"></span>
                                                    <a href="#" class="go-to-category">Ver todos</a>
                                            </div>
                                                <span class="shop-by-cat-text">Comprar por categor&iacute;as</span>
            
                        <ul class="child-menu-container">
                            <li>
                                    <a href="#">Cão</a>
                                        <span class="iconCategory arrow-mobile RD_Desplegar2"></span>
            
                        <ul class="grandchild-menu">
                            <li>
                                <div class="back-to-category">
                                    <button class="back responsivo responsivo-tablet"></button>
                                        <span>Cão</span>
                                </div>
                            </li>
                            <li class="go-to-category-child">
                                <a href="#">Ver Cão</a>
                            </li>
                                <span class="shop-by-cat-text">Comprar por categor&iacute;as</span>
                            <li>
                                <a href="#">Ração Seca</a>
                            </li>
                            <li>
                                <a href="#">Comida Húmida</a>
                            </li>
                            <li>
                                <a href="#">Alimentação Natural</a>
                            </li>
                            <li>
                                <a href="#">Snacks & Biscoitos</a>
                            </li>
                            <li>
                                <a href="#">Comedouros e Bebedouros</a>
                            </li>
                            <li>
                                <a href="#">Saúde e Higiene</a>
                            </li>
                            <li>
                                <a href="#">Casotas</a>
                            </li>
                            <li>
                                <a href="#">Camas, Almofadas e Colchões</a>
                            </li>
                            <li>
                                <a href="#">Transporte, Passeio e Viagem</a>
                            </li>
                            <li>
                                <a href="#">Brinquedos</a>
                            </li>
                        </ul>
                    </li>
                            <li>
                                <a href="#">Gato</a>
                                    <span class="iconCategory arrow-mobile RD_Desplegar2"></span>
            
                        <ul class="grandchild-menu">
                            <li>
                                <div class="back-to-category">
                                    <button class="back responsivo responsivo-tablet"></button>
                                        <span>Gato</span>
                                </div>
                            </li>
                            <li class="go-to-category-child">
                                <a href="#">Ver Gato</a>
                            </li>
                                <span class="shop-by-cat-text">Comprar por categor&iacute;as</span>
                            <li>
                                <a href="#">Ração Seca</a>
                            </li>
                            <li>
                                <a href="#">Comida Húmida</a>
                            </li>
                            <li>
                                <a href="#">Alimentação Natural</a>
                            </li>
                            <li>
                                <a href="#">Snacks, Leites & Biscoitos</a>
                            </li>
                            <li>
                                <a href="#">Absorventes</a>
                            </li>
                            <li>
                                <a href="#">Saúde e Higiene</a>
                            </li>
                            <li>
                                <a href="#">Camas e Bebedouros</a>
                            </li>
                            <li>
                                <a href="#">Transporte, Passeio e Viagem</a>
                            </li>
                            <li>
                                <a href="#">Brinquedos e Arranhadores</a>
                            </li>
                        </ul>
                    </li>
                            <li>
                                <a href="#">Outros Animais</a>
                                    <span class="iconCategory arrow-mobile RD_Desplegar2"></span>
            
                        <ul class="grandchild-menu">
                             <li>
                                <div class="back-to-category">
                                    <button class="back responsivo responsivo-tablet"></button>
                                        <span>Outros Animais</span>
                                </div>
                            </li>
                            <li class="go-to-category-child">
                                <a href="#">Ver Outros Animais</a>
                            </li>
                                <span class="shop-by-cat-text">Comprar por categor&iacute;as</span>
                            <li>
                                <a href="#">Pássaros</a>
                            </li>
                            <li>
                                <a href="#">Peixes</a>
                            </li>
                            <li>
                                <a href="#">Roedores</a>
                            </li>
                            <li>
                                <a href="#">Tartarugas</a>
                            </li>
                        </ul>
                    </li>
                            <li>
                                <a href="#">Saúde & Higiene</a>
                                    <span class="iconCategory arrow-mobile RD_Desplegar2"></span>
            
                        <ul class="grandchild-menu">
                            <li>
                                <div class="back-to-category">
                                    <button class="back responsivo responsivo-tablet"></button>
                                        <span>Saúde & Higiene</span>
                                </div>
                            </li>
                            <li class="go-to-category-child">
                                <a href="#">Ver Saúde & Higiene</a>
                            </li>
                                <span class="shop-by-cat-text">Comprar por categor&iacute;as</span>
                            <li>
                                <a href="#">Sacos e Dispensadores</a>
                            </li>
                            <li>
                                <a href="#">Cuidados de Pele e Pelo</a>
                            </li>
                            <li>
                                <a href="#">Resguardos, Fraldas e Toalhitas</a>
                            </li>
                            <li>
                                <a href="#">Acessórios de Higiene</a>
                            </li>
                            <li>
                                <a href="#">Limpeza da Casa</a>
                            </li>
                        </ul>  
                    </ul>
                </div>
            </li>
            
                            <li>
                                <img class="hot" src="https://img.icons8.com/external-others-maxicons/62/000000/external-toy-baby-others-maxicons.png"/>
                                    <button class="btn-main-category">Brinquedos e Jogos</button>
                                        <div class="child-menu child-menu-frescos">
                                            <div class="back-to-category">
                                                <button class="back responsivo responsivo-tablet"></button>
                                                    <span>Brinquedos e Jogos</span>
                                            </div>
                                            <div class="category-link">
                                                <span class="iconCategory frescos"></span>
                                                    <a href="#" class="go-to-category">Ver todos</a>
                                            </div>
                                                <span class="shop-by-cat-text">Comprar por categor&iacute;as</span>
            
                        <ul class="child-menu-container">
                            <li>
                                <a href="#">Construções</a>
                                    <span class="iconCategory arrow-mobile RD_Desplegar2"></span>
            
                        <ul class="grandchild-menu">
                            <li>
                                <div class="back-to-category">
                                    <button class="back responsivo responsivo-tablet"></button>
                                        <span>Construções</span>
                                </div>
                            </li>
                            <li class="go-to-category-child">
                                <a href="#">Ver Construções</a>
                            </li>
                                <span class="shop-by-cat-text">Comprar por categor&iacute;as</span>
                            <li>
                                <a href="#">LEGO</a>
                            </li>
                            <li>
                                <a href="#">Playmobil</a>
                            </li>
                            <li>
                                <a href="#">Pré-escolar</a>
                            </li>
                        </ul>
                    </li>
                            <li>
                                <a href="#">Jogos</a>
                                    <span class="iconCategory arrow-mobile RD_Desplegar2"></span>
            
                        <ul class="grandchild-menu">
                            <li>
                                <div class="back-to-category">
                                    <button class="back responsivo responsivo-tablet"></button>
                                        <span>Jogos</span>
                                </div>
                            </li>
                            <li class="go-to-category-child">
                                <a href="#">Ver Jogos</a>
                            </li>
                                <span class="shop-by-cat-text">Comprar por categor&iacute;as</span>
                            <li>
                                <a href="#">Jogos Infantis</a>
                            </li>
                            <li>
                                <a href="#">Jogos em Família</a>
                            </li>
                            <li>
                                <a href="#">Jogos Educativos</a>
                            </li>
                            <li>
                                <a href="#">Jogos Científicos</a>
                            </li>
                        </ul>
                    </li>
                            <li>
                                <a href="#">Puzzles</a>
                                    <span class="iconCategory arrow-mobile RD_Desplegar2"></span>
            
                        <ul class="grandchild-menu">
                            <li>
                                <div class="back-to-category">
                                    <button class="back responsivo responsivo-tablet"></button>
                                        <span>Puzzles</span>
                                </div>
                            </li>
                            <li class="go-to-category-child">
                                <a href="#">Ver Puzzles</a>
                            </li>
                                <span class="shop-by-cat-text">Comprar por categor&iacute;as</span>
                            <li>
                                <a href="#">Até 100 Peças</a>
                            </li>
                            <li>
                                <a href="#">100 a 499 Peças</a>
                            </li>
                            <li>
                                <a href="#">500 a 999 Peças</a>
                            </li>
                            <li>
                                <a href="#">1000 Peças</a>
                            </li>
                            <li>
                                <a href="#">Mais de 2000 Peças</a>
                            </li>
                            <li>
                                <a href="#">Puzzles 3D</a>
                            </li>
                        </ul>
                    </li>
                            <li>
                                <a href="#">Bonecas</a>
                                    <span class="iconCategory arrow-mobile RD_Desplegar2"></span>
            
                        <ul class="grandchild-menu">
                            <li>
                                <div class="back-to-category">
                                    <button class="back responsivo responsivo-tablet"></button>
                                        <span>Bonecas</span>
                                </div>
                            </li>
                            <li class="go-to-category-child">
                                <a href="#">Ver Bonecas</a>
                            </li>
                                <span class="shop-by-cat-text">Comprar por categor&iacute;as</span>
                            <li>
                                <a href="#">Bonecas Bebé</a>
                            </li>
                            <li>
                                <a href="#">Bonecas Miniatura</a>
                            </li>
                            <li>
                                <a href="#">Bonecas Fashion</a>
                            </li>
                        </ul>  
            
                            <li>
                                <a href="#">Ação e Super Heróis</a>
                                    <span class="iconCategory arrow-mobile RD_Desplegar2"></span>
                
                        <ul class="grandchild-menu">
                            <li>
                                <div class="back-to-category">
                                    <button class="back responsivo responsivo-tablet"></button>
                                        <span>Ação e Super Heróis</span>
                                </div>
                            </li>
                            <li class="go-to-category-child">
                                <a href="#">Ver Ação e Super Heróis</a>
                            </li>
                                <span class="shop-by-cat-text">Comprar por categor&iacute;as</span>
                            <li>
                                <a href="#">Figuras e Cenários de Ação</a>
                            </li>
                            <li>
                                <a href="#">NERF e Lançadores</a>
                            </li>
                        </ul>  
            
                            <li>
                                <a href="#">Veículos e Rádio Controlo</a>
                                    <span class="iconCategory arrow-mobile RD_Desplegar2"></span>
                    
                        <ul class="grandchild-menu">
                            <li>
                                <div class="back-to-category">
                                    <button class="back responsivo responsivo-tablet"></button>
                                        <span>Veículos e Rádio Controlo</span>
                                </div>
                            </li>
                            <li class="go-to-category-child">
                                <a href="#">Ver Veículos e Rádio Controlo</a>
                            </li>
                                <span class="shop-by-cat-text">Comprar por categor&iacute;as</span>
                            <li>
                                <a href="#">Veículos</a>
                            </li>
                            <li>
                                <a href="#">Pistas e Garagens</a>
                            </li>
                            <li>
                                <a href="#">Telecomandados, Drones e Robots</a>
                            </li>
                        </ul>  
            
                            <li>
                                <a href="#">Bebé e Peluches</a>
                                    <span class="iconCategory arrow-mobile RD_Desplegar2"></span>
                        
                        <ul class="grandchild-menu">
                            <li>
                                <div class="back-to-category">
                                    <button class="back responsivo responsivo-tablet"></button>
                                        <span>Bebé e Peluches</span>
                                </div>
                            </li>
                            <li class="go-to-category-child">
                                <a href="#">Ver Bebé e Peluches</a>
                            </li>
                                <span class="shop-by-cat-text">Comprar por categor&iacute;as</span>
                            <li>
                                <a href="#">Primeiros Brinquedos</a>
                            </li>
                            <li>
                                <a href="#">Peluches</a>
                            </li>
                            <li>
                                <a href="#">Interativos</a>
                            </li>
                        </ul> 
                                                    
                            <li>
                                <a href="#">Pré-escolar</a>
                                    <span class="iconCategory arrow-mobile RD_Desplegar2"></span>
                            
                        <ul class="grandchild-menu">
                            <li>
                                <div class="back-to-category">
                                    <button class="back responsivo responsivo-tablet"></button>
                                        <span>Pré-escolar</span>
                                </div>
                            </li>
                            <li class="go-to-category-child">
                                <a href="#">Ver Pré-escolar</a>
                            </li>
                                <span class="shop-by-cat-text">Comprar por categor&iacute;as</span>
                            <li>
                                <a href="#">Figuras</a>
                            </li>
                            <li>
                                <a href="#">Cenários e Veículos</a>
                            </li>
                            <li>
                                <a href="#">Construções</a>
                            </li>
                            <li>
                                <a href="#">Patrulha Pata</a>
                            </li>
                            <li>
                                <a href="#">Panda</a>
                            </li>
                        </ul>   
            
                            <li>
                                <a href="#">Faz de Conta</a>
                                    <span class="iconCategory arrow-mobile RD_Desplegar2"></span>
                                
                        <ul class="grandchild-menu">
                            <li>
                                <div class="back-to-category">
                                    <button class="back responsivo responsivo-tablet"></button>
                                        <span>Faz de Conta</span>
                                </div>
                            </li>
                            <li class="go-to-category-child">
                                <a href="#">Ver Faz de Conta</a>
                            </li>
                                <span class="shop-by-cat-text">Comprar por categor&iacute;as</span>
                            <li>
                                <a href="#">Cozinha e Alimentos</a>
                            </li>
                            <li>
                                <a href="#">Profissões</a>
                            </li>
                            <li>
                                <a href="#">Instrumentos Musicais</a>
                            </li>
                            <li>
                                <a href="#">Jóias e Cosmética</a>
                            </li>
                        </ul>
            
                            <li>
                                <a href="#">Didáticos, Pintura e Plasticinas</a>
                                    <span class="iconCategory arrow-mobile RD_Desplegar2"></span>
                                    
                        <ul class="grandchild-menu">
                            <li>
                                <div class="back-to-category">
                                    <button class="back responsivo responsivo-tablet"></button>
                                        <span>Didáticos, Pintura e Plasticinas</span>
                                </div>
                            </li>
                            <li class="go-to-category-child">
                                <a href="#">Ver Didáticos, Pintura e Plasticinas</a>
                            </li>
                                <span class="shop-by-cat-text">Comprar por categor&iacute;as</span>
                            <li>
                                <a href="#">Plasticinas e Moldáveis</a>
                            </li>
                            <li>
                                <a href="#">Didáticos e Manualidades</a>
                            </li>
                            <li>
                                <a href="#">Jóias e Cosmética</a>
                            </li>
                            <li>
                                <a href="#">Desenho e Pintura</a>
                            </li>
                        </ul>
            
                            <li>
                                <a href="#">Ar Livre</a>
                                    <span class="iconCategory arrow-mobile RD_Desplegar2"></span>
                                        
                        <ul class="grandchild-menu">
                            <li>
                                <div class="back-to-category">
                                    <button class="back responsivo responsivo-tablet"></button>
                                        <span>Ar Livre</span>
                                </div>
                            </li>
                            <li class="go-to-category-child">
                                <a href="#">Ver Ar Livre</a>
                            </li>
                                <span class="shop-by-cat-text">Comprar por categor&iacute;as</span>
                            <li>
                                <a href="#">Casas, Escorregas e Baloiços</a>
                            </li>
                            <li>
                                <a href="#">Veículos de Exterior e Bateria</a>
                            </li>
                            <li>
                                <a href="#">Bicicletas, Trotinetes e Patins</a>
                            </li>
                            <li>
                                <a href="#">Triciclos e Andadores</a>
                            </li>
                            <li>
                                <a href="#">Jogos de Exterior</a>
                            </li>
                            <li>
                                <a href="#">Bóias, Piscinas e Insufláveis</a>
                            </li>
                            <li>
                                <a href="#">Baldes e Brinquedos de Praia</a>
                            </li>
                        </ul>
                    </ul>
                </div>
            </li>
            
                            <li>
                                <img class="hot" src="https://img.icons8.com/dotty/80/000000/stack-of-paper.png"/>
                                    <button class="btn-main-category">Livraria e Papelaria</button>
                                        <div class="child-menu child-menu-frescos">
                                            <div class="back-to-category">
                                                <button class="back responsivo responsivo-tablet"></button>
                                                    <span>Livraria e Papelaria</span>
                                            </div>
                                            <div class="category-link">
                                                <span class="iconCategory frescos"></span>
                                                    <a href="#" class="go-to-category">Ver todos</a>
                                            </div>
                                                <span class="shop-by-cat-text">Comprar por categor&iacute;as</span>
            
                        <ul class="child-menu-container">
                            <li>
                                <a href="#">Livros</a>
                                    <span class="iconCategory arrow-mobile RD_Desplegar2"></span>
            
                        <ul class="grandchild-menu">
                            <li>
                                <div class="back-to-category">
                                    <button class="back responsivo responsivo-tablet"></button>
                                        <span>Livros</span>
                                </div>
                            </li>
                            <li class="go-to-category-child">
                                <a href="#">Ver Livros</a>
                            </li>
                                <span class="shop-by-cat-text">Comprar por categor&iacute;as</span>
                            <li>
                                <a href="#">Literatura</a>
                            </li>
                            <li>
                                <a href="#">Livros Infantis</a>
                            </li>
                            <li>
                                <a href="#">Livros Juvenis</a>
                            </li>
                            <li>
                                <a href="#">Apoio Escolar</a>
                            </li>
                            <li>
                                <a href="#">Plano Nacional de Leitura</a>
                            </li>
                            <li>
                                <a href="#">Livros Técnicos</a>
                            </li>
                            <li>
                                <a href="#">Livros Saúde e Bem-Estar</a>
                            </li>
                            <li>
                                <a href="#">Livros de Culinária</a>
                            </li>
                        </ul>
                    </li>
                            <li>
                                <a href="#">Papelaria</a>
                                    <span class="iconCategory arrow-mobile RD_Desplegar2"></span>
            
                        <ul class="grandchild-menu">
                            <li>
                                <div class="back-to-category">
                                    <button class="back responsivo responsivo-tablet"></button>
                                        <span>Papelaria</span>
                                </div>
                            </li>
                            <li class="go-to-category-child">
                                <a href="#">Ver Papelaria</a>
                            </li>
                                <span class="shop-by-cat-text">Comprar por categor&iacute;as</span>
                            <li>
                                <a href="#">Mochilas, Estojos e Sacos</a>
                            </li>
                            <li>
                                <a href="#">Cadernos, Blocos e Papel</a>
                            </li>
                            <li>
                                <a href="#">Lápis, Borrachas, Canetas</a>
                            </li>
                            <li>
                                <a href="#">Desenho, Arte e Pintura</a>
                            </li>
                            <li>
                                <a href="#">Material de Escritório</a>
                            </li>
                            <li>
                                <a href="#">Organização e Arquivo</a>
                            </li>
                            <li>
                                <a href="#">Agendas</a>
                            </li>
                            <li>
                                <a href="#">Sacos Presente e Embrulho</a>
                            </li>
                        </ul>
                    </li>
                        </ul>
                </div>
            </li>
            
                            <li>
                                <img class="hot" src="https://img.icons8.com/fluency-systems-regular/48/000000/sports.png"/>
                                    <button class="btn-main-category">Desporto e Ar Livre</button>
                                        <div class="child-menu child-menu-frescos">
                                            <div class="back-to-category">
                                                <button class="back responsivo responsivo-tablet"></button>
                                                    <span>Desporto e Ar Livre</span>
                                            </div>
                                            <div class="category-link">
                                                <span class="iconCategory frescos"></span>
                                                    <a href="#" class="go-to-category">Ver todos</a>
                                            </div>
                                                <span class="shop-by-cat-text">Comprar por categor&iacute;as</span>
            
                        <ul class="child-menu-container">
                            <li>
                                <a href="#">Bicicletas, Trotinetes, Patins</a>
                                    <span class="iconCategory arrow-mobile RD_Desplegar2"></span>
            
                        <ul class="grandchild-menu">
                            <li>
                                <div class="back-to-category">
                                    <button class="back responsivo responsivo-tablet"></button>
                                        <span>Bicicletas, Trotinetes, Patins</span>
                                </div>
                            </li>
                            <li class="go-to-category-child">
                                <a href="#">Ver Bicicletas, Trotinetes, Patins</a>
                            </li>
                                <span class="shop-by-cat-text">Comprar por categor&iacute;as</span>
                            <li>
                                <a href="#">Bicicletas de Criança</a>
                            </li>
                            <li>
                                <a href="#">Bicicletas de Adulto</a>
                            </li>
                            <li>
                                <a href="#">Trotinetes, Patins e Skates</a>
                            </li>
                            <li>
                                <a href="#">Capacetes, Proteções e Acessórios</a>
                            </li>
                        </ul>
                    </li>
                            <li>
                                <a href="#">Mobilidade Eléctrica</a>
                                    <span class="iconCategory arrow-mobile RD_Desplegar2"></span>
            
                        <ul class="grandchild-menu">
                            <li>
                                <div class="back-to-category">
                                    <button class="back responsivo responsivo-tablet"></button>
                                        <span>Mobilidade Eléctrica</span>
                                </div>
                            </li>
                            <li class="go-to-category-child">
                                <a href="#">Ver Mobilidade Eléctrica</a>
                            </li>
                                <span class="shop-by-cat-text">Comprar por categor&iacute;as</span>
                        </ul>
                    </li>
                            <li>
                                <a href="#">Modalidades Desportivas</a>
                                    <span class="iconCategory arrow-mobile RD_Desplegar2"></span>
            
                        <ul class="grandchild-menu">
                            <li>
                                <div class="back-to-category">
                                    <button class="back responsivo responsivo-tablet"></button>
                                        <span>Modalidades Desportivas</span>
                                </div>
                            </li>
                            <li class="go-to-category-child">
                                <a href="#">Ver Modalidades Desportivas</a>
                            </li>
                                <span class="shop-by-cat-text">Comprar por categor&iacute;as</span>
                            <li>
                                <a href="#">Acessórios Fitness</a>
                            </li>
                            <li>
                                <a href="#">Natação e Desportos Aquáticos</a>
                            </li>
                            <li>
                                <a href="#">Futebol</a>
                            </li>
                            <li>
                                <a href="#">Multidesporto</a>
                            </li>
                        </ul>
                    </li>
                            <li>
                                <a href="#">Roupa de Desporto</a>
                                    <span class="iconCategory arrow-mobile RD_Desplegar2"></span>
            
                        <ul class="grandchild-menu">
                            <li>
                                <div class="back-to-category">
                                    <button class="back responsivo responsivo-tablet"></button>
                                        <span>Roupa de Desporto</span>
                                </div>
                            </li>
                            <li class="go-to-category-child">
                                <a href="#">Ver Roupa de Desporto</a>
                            </li>
                                <span class="shop-by-cat-text">Comprar por categor&iacute;as</span>
                            <li>
                                <a href="#">T-shirts e Tops</a>
                            </li>
                            <li>
                                <a href="#">Camisolas e Casacos</a>
                            </li>
                            <li>
                                <a href="#">Calções, Calças e Leggings</a>
                            </li>
                            <li>
                                <a href="#">Calçado, Meias e Acessórios</a>
                            </li>
                        </ul>
                    </li>
                            <li>
                                <a href="#">Nutrição Desportiva</a>
                                    <span class="iconCategory arrow-mobile RD_Desplegar2"></span>
            
                        <ul class="grandchild-menu">
                            <li>
                                <div class="back-to-category">
                                    <button class="back responsivo responsivo-tablet"></button>
                                        <span>Nutrição Desportiva</span>
                                </div>
                            </li>
                            <li class="go-to-category-child">
                                <a href="#">Ver Nutrição Desportiva</a>
                            </li>
                                <span class="shop-by-cat-text">Comprar por categor&iacute;as</span>
                            <li>
                                <a href="#">Proteína Whey</a>
                            </li>
                            <li>
                                <a href="#">Barras e Snacks</a>
                            </li>
                            <li>
                                <a href="#">Suplementação</a>
                            </li>
                            <li>
                                <a href="#">Iogurtes e Pudins</a>
                            </li>
                            <li>
                                <a href="#">Leite e Bebidas Vegetais</a>
                            </li>
                            <li>
                                <a href="#">Cremes de Barrar</a>
                            </li>
                            <li>
                                <a href="#">Bebidas Isotónicas</a>
                            </li>
                            <li>
                                <a href="#">Preparados e Refeições Instantâneas</a>
                            </li>
                        </ul>
                    </li>
            
                            <li>
                                <a href="#">Campismo</a>
                                    <span class="iconCategory arrow-mobile RD_Desplegar2"></span>
            
                        <ul class="grandchild-menu">
                            <li>
                                <div class="back-to-category">
                                    <button class="back responsivo responsivo-tablet"></button>
                                        <span>Campismo</span>
                                </div>
                            </li>
                            <li class="go-to-category-child">
                                <a href="#">Ver Campismo</a>
                            </li>
                                <span class="shop-by-cat-text">Comprar por categor&iacute;as</span>
                        </ul>
                    </li>
                </ul>
            </div>
            </li>
            
                            <li>
                                <img class="hot" src="https://img.icons8.com/external-creatype-two-colour-colourcreatype/64/000000/external-clothes-e-commerce-creatype-two-colour-colourcreatype-3.png"/>
                                    <button class="btn-main-category">Roupa, Calçado, Bagagens</button>
                                        <div class="child-menu child-menu-frescos">
                                            <div class="back-to-category">
                                                <button class="back responsivo responsivo-tablet"></button>
                                                    <span>Roupa, Calçado, Bagagens</span>
                                            </div>
                                            <div class="category-link">
                                                <span class="iconCategory frescos"></span>
                                                    <a href="#" class="go-to-category">Ver todos</a>
                                            </div>
                                                <span class="shop-by-cat-text">Comprar por categor&iacute;as</span>
            
                        <ul class="child-menu-container">
                            <li>
                                <a href="#">Babé [até aos 36 meses]</a>
                                    <span class="iconCategory arrow-mobile RD_Desplegar2"></span>
            
                        <ul class="grandchild-menu">
                            <li>
                                <div class="back-to-category">
                                    <button class="back responsivo responsivo-tablet"></button>
                                        <span>Babé [até aos 36 meses]</span>
                                </div>
                            </li>
                            <li class="go-to-category-child">
                                <a href="#">Ver Babé [até aos 36 meses]</a>
                            </li>
                                <span class="shop-by-cat-text">Comprar por categor&iacute;as</span>
                            <li>
                                <a href="#">Bodies, Babygrows e Interiores</a>
                            </li>
                            <li>
                                <a href="#">Calças e Calções</a>
                            </li>
                            <li>
                                <a href="#">Babetes</a>
                            </li>
                            <li>
                                <a href="#">Mantas e Fraldas de Pano</a>
                            </li>
                        </ul>
                    </li>
                            <li>
                                <a href="#">Criança [2-14 anos]</a>
                                    <span class="iconCategory arrow-mobile RD_Desplegar2"></span>
            
                        <ul class="grandchild-menu">
                            <li>
                                <div class="back-to-category">
                                    <button class="back responsivo responsivo-tablet"></button>
                                        <span>Criança [2-14 anos]</span>
                                </div>
                            </li>
                            <li class="go-to-category-child">
                                <a href="#">Ver Criança [2-14 anos]</a>
                            </li>
                                <span class="shop-by-cat-text">Comprar por categor&iacute;as</span>
                            <li>
                                <a href="#">Pijamas e Interiores</a>
                            </li>
                            <li>
                                <a href="#">T-shirts e Camisas</a>
                            </li>
                            <li>
                                <a href="#">Camisolas e Casacos</a>
                            </li>
                            <li>
                                <a href="#">Calças e Calções</a>
                            </li>
                            <li>
                                <a href="#">Parkas e Blusões</a>
                            </li>
                            <li>
                                <a href="#">Calçado e Acessórios</a>
                            </li>
                        </ul>
                    </li>
                            <li>
                                <a href="#">Mulher</a>
                                    <span class="iconCategory arrow-mobile RD_Desplegar2"></span>
            
                        <ul class="grandchild-menu">
                            <li>
                                <div class="back-to-category">
                                    <button class="back responsivo responsivo-tablet"></button>
                                        <span>Mulher</span>
                                </div>
                            </li>
                            <li class="go-to-category-child">
                                <a href="#">Ver Mulher</a>
                            </li>
                                <span class="shop-by-cat-text">Comprar por categor&iacute;as</span>
                            <li>
                                <a href="#">Pijamas e Interiores</a>
                            </li>
                            <li>
                                <a href="#">T-shirts, Blusas e Tops</a>
                            </li>
                            <li>
                                <a href="#">Calças, Saias e Calções</a>
                            </li>
                        </ul>
                    </li>
                            <li>
                                <a href="#">Homem</a>
                                    <span class="iconCategory arrow-mobile RD_Desplegar2"></span>
            
                        <ul class="grandchild-menu">
                            <li>
                                <div class="back-to-category">
                                    <button class="back responsivo responsivo-tablet"></button>
                                        <span>Homem</span>
                                </div>
                            </li>
                            <li class="go-to-category-child">
                                <a href="#">Ver Homem</a>
                            </li>
                                <span class="shop-by-cat-text">Comprar por categor&iacute;as</span>
                            <li>
                                <a href="#">Pijamas e Interiores</a>
                            </li>
                            <li>
                                <a href="#">Camisolas e Casacos</a>
                            </li>
                            <li>
                                <a href="#">T-shirts e Camisas</a>
                            </li>
                            <li>
                                <a href="#">Jeans, Calças e Calções</a>
                            </li>
                        </ul>
                    </li>
                            <li>
                                <a href="#">Calçado, Meias e Acessórios</a>
                                    <span class="iconCategory arrow-mobile RD_Desplegar2"></span>
            
                        <ul class="grandchild-menu">
                            <li>
                                <div class="back-to-category">
                                    <button class="back responsivo responsivo-tablet"></button>
                                        <span>Calçado, Meias e Acessórios</span>
                                </div>
                            </li>
                            <li class="go-to-category-child">
                                <a href="#">Ver Calçado, Meias e Acessórios</a>
                            </li>
                                <span class="shop-by-cat-text">Comprar por categor&iacute;as</span>
                        </ul>
                    </li>
            
                            <li>
                                <a href="#">Roupa de Desporto</a>
                                    <span class="iconCategory arrow-mobile RD_Desplegar2"></span>
            
                        <ul class="grandchild-menu">
                            <li>
                                <div class="back-to-category">
                                    <button class="back responsivo responsivo-tablet"></button>
                                        <span>Roupa de Desporto</span>
                                </div>
                            </li>
                            <li class="go-to-category-child">
                                <a href="#">Ver Roupa de Desporto</a>
                            </li>
                                <span class="shop-by-cat-text">Comprar por categor&iacute;as</span>
                            <li>
                                <a href="#">T-shirts e Tops</a>
                            </li>
                            <li>
                                <a href="#">Camisolas e Casacos</a>
                            </li>
                            <li>
                                <a href="#">Calções, Calças e Leggings</a>
                            </li>
                            <li>
                                <a href="#">Calçado, Meias e Acessórios</a>
                            </li>
                        </ul>
                    </li>
            
                            <li>
                                <a href="#">Fatos de Banho, Chinelos e Toalhas</a>
                                    <span class="iconCategory arrow-mobile RD_Desplegar2"></span>
            
                        <ul class="grandchild-menu">
                            <li>
                                <div class="back-to-category">
                                    <button class="back responsivo responsivo-tablet"></button>
                                        <span>Fatos de Banho, Chinelos e Toalhas</span>
                                </div>
                            </li>
                            <li class="go-to-category-child">
                                <a href="#">Ver Fatos de Banho, Chinelos e Toalhas</a>
                            </li>
                                <span class="shop-by-cat-text">Comprar por categor&iacute;as</span>
                        </ul>
                    </li>
            
                            <li>
                                <a href="#">Malas e Acessórios de Viagem</a>
                                    <span class="iconCategory arrow-mobile RD_Desplegar2"></span>
            
                        <ul class="grandchild-menu">
                            <li>
                                <div class="back-to-category">
                                    <button class="back responsivo responsivo-tablet"></button>
                                        <span>Malas e Acessórios de Viagem</span>
                                </div>
                            </li>
                            <li class="go-to-category-child">
                                <a href="#">Ver Malas e Acessórios de Viagem</a>
                            </li>
                                <span class="shop-by-cat-text">Comprar por categor&iacute;as</span>
                            <li>
                                <a href="#">Malas de Cabine</a>
                            </li>
                            <li>
                                <a href="#">Malas de Viagem Médias</a>
                            </li>
                            <li>
                                <a href="#">Malas de Viagem Grandes</a>
                            </li>
                            <li>
                                <a href="#">Mochilas</a>
                            </li>
                            <li>
                                <a href="#">Acessórios de Viagem</a>
                            </li>
                        </ul>
                    </li>
                </ul>
            </div>
            </li>
    
    
    </div>
    </div>
    </div>
    </header>
    
    
                    <script type="text/javascript" src='https://s3.dia.es/compra-online/wro/dia_lib1_js-c7e239f47e57ded8d7f817a14cf95abd.js'></script>
                    <script type="text/javascript" src='https://s0.dia.es/compra-online/wro/dia_custom1_js-ef56e90e7f5dfbb087e04d6d28dc9d78.js'></script>
                    <script type="text/javascript" src='https://s0.dia.es/compra-online/wro/dia_custom2_js-5200ba4e059a90b270cbbae470479a62.js'></script>
    
                    <script type="text/javascript" src='https://s3.dia.es/compra-online/wro/dia_custom3_js-f896ba5062b8d45e90936947d7373aea.js'></script>
                    <script type="text/javascript">
                            $(function() {
                                $("#prod_tabs").tabs({
                                    selected : 0
                                });
                            });
                        </script>
                    <script type="text/javascript" src='https://s0.dia.es/compra-online/wro/dia_custom4_js-e22c2ac653a0df9e8f56da44c3eb893c.js'></script>
            
                    <script type="text/javascript" src='https://s3.dia.es/compra-online/wro/dia_custom5_js-d8ba3a0ee218014859727a18f3252cb1.js'></script>
            
                    <script type="text/javascript" src='https://s0.dia.es/compra-online/wro/dia_custom_landing_express-55a68d3dd54ca18c4cd3e86a4cde6cf6.js'></script>
            
                    <script type="text/javascript" src='https://s3.dia.es/compra-online/wro/dia_addons_js-2445e5583cc637840e58b3cf743f3d3a.js'></script>
            
                <script type="text/javascript">
            
                var BrainSINSModel = { data: {}};
            
                BrainSINSModel.data.token = "BS-8625485410-1";
                BrainSINSModel.data.language = "52507";
                BrainSINSModel.data.userEmail = "";
                BrainSINSModel.data.productId = "";
                BrainSINSModel.data.totalAmount = "";
                BrainSINSModel.data.typePage = "home";
                BrainSINSModel.data.categories = "";
            
                var brainsinsAddButtonText = "Adicionar";
                var brainsinsUnavailableProductText = "Não disponível";
                var brainsinsSelectColorButtonText = "Escolha uma cor";
                var brainsinsRequestCartUrl = "#";
                var brainsinsSecuredRequestCartUrl = "#";
            
            </script>
            
            
            <script type="text/javascript" src="https://customers.dia.es/v1.js"></script>
    
    <!--Conteúdo Principal-->
               <div role="main" id="maincontent" data-private-area="false">
                <div class="container-margin search-results">
                <div class="row search-nav">
                <div class="col-12 search-results-breadcrumbs">
                <div class="row hidden-s-down">
                <div class="col category_breadcrumbs">
                <ul class="breadcrumbs" itemscope itemtype="http://schema.org/BreadcrumbList">
                <li class="breadcrumbs-item" itemprop="itemListElement" itemscope itemtype="http://schema.org/ListItem">
                <a href="../index.html" data-toggle="tooltip" data-placement="right" title="P&aacute;gina inicial" itemprop="item">
                <span itemprop="name" class="d-none">P&aacute;gina inicial</span>
                <span class="svg-wrapper svg-icon-home" style="width:12px; height:12px">
                <svg class='svg-inline icon-home' xmlns='http://www.w3.org/2000/svg' width='100%' height='100%' viewBox='0 0 12 12'><path fill='#989898' fill-rule='evenodd' d='M11.677 5.22l-.001-.001L6.78.324A1.097 1.097 0 0 0 5.999 0c-.295 0-.572.115-.78.324L.325 5.216l-.005.005a1.106 1.106 0 0 0 .769 1.884h.195v3.602c0 .713.58 1.293 1.293 1.293h1.915a.352.352 0 0 0 .352-.352V8.824a.59.59 0 0 1 .59-.59h1.13a.59.59 0 0 1 .59.59v2.824c0 .195.157.352.35.352h1.916c.713 0 1.293-.58 1.293-1.293V7.105h.18a1.106 1.106 0 0 0 .782-1.885zm-.498 1.064a.4.4 0 0 1-.284.118h-.533a.352.352 0 0 0-.351.351v3.954a.59.59 0 0 1-.59.59H7.857V8.824c0-.713-.58-1.293-1.293-1.293h-1.13c-.712 0-1.292.58-1.292 1.293v2.473H2.578a.59.59 0 0 1-.59-.59V6.753a.352.352 0 0 0-.351-.351h-.524L1.097 6.4a.402.402 0 0 1-.277-.685L5.717.82a.399.399 0 0 1 .567 0l4.894 4.893.002.003a.402.402 0 0 1 0 .567z' /></svg>
                </span>
                </a>
                <meta itemprop="position" content="1" />
                </li>
                <li class="breadcrumbs-item">
                <span class="svg-wrapper svg-icon-arrow-right-black" style="width:8px; height:8px">
                <svg class='svg-inline icon-arrow-right-black' xmlns='http://www.w3.org/2000/svg' viewBox='0 0 500 500' width='100%' height='100%'><path fill='#32312D' fill-rule='evenodd' d='M 278.93286,275.00926 61.923842,490.20009 c -13.752316,13.69965 -36.147142,13.69965 -49.962542,0 -13.8154,-13.69965 -13.8154,-35.90684 0,-49.54394 L 203.98905,250.23729 11.9613,59.818423 c -13.8154,-13.637094 -13.8154,-35.844287 0,-49.543936 13.8154,-13.6996492 36.210226,-13.6996492 49.962542,0 L 278.93286,225.46532 c 6.93925,6.8811 10.34578,15.82653 10.34578,24.77197 0,8.94543 -3.40653,17.95342 -10.34578,24.77197 z' /></svg>
                </span>
                </li>
                <li class="breadcrumbs-item breadcrumbs-item--last" itemprop="itemListElement" itemscope itemtype="http://schema.org/ListItem">
                <a class="ct-anchor breadcrumb-anchor" href="../Mercearia/mercearia.html" title="Mercearia" itemprop="item">
                <span class="breadcrumb-fill" itemprop="name">
                Mercearia
                </span>
                </a>
                <meta itemprop="position" content="2.0" />
                </li>
                </ul>
                </div>
                </div>
                </div>
                </div>
    
                <!--Categorias-->
                <div class="d-flex search-results-title" data-cgid="mercearias">
                    <button type="button" class="btn d-block d-sm-none js-toggle-search-back toggle-search-back" data-href="https://www.continente.pt/">
                    <span class="svg-wrapper svg-icon-arrow-left-small" style="width:20px; height:20px">
                    <svg class="svg-inline icon-arrow-left-small" xmlns="http://www.w3.org/2000/svg" width="100%" height="100%" viewBox="0 0 9 15"><path fill="#EB0203" fill-rule="evenodd" d="M.308 8.243l6.45 6.45a1.05 1.05 0 1 0 1.485-1.486L2.536 7.5l5.707-5.707A1.05 1.05 0 0 0 6.757.308l-6.45 6.45a1.047 1.047 0 0 0 0 1.485z"></path></svg>
                    </span>
                    </button>
                    <h1 class="ct-h3">
                    Mercearia
                    </h1>
                    </div>

                    <!--Resultados de Pesquisa-->
                    <div class="search-results-grid">
                        <div class="refinement-bar">
                        <div class="filter-header">
                        <div class="refinement-header-bar d-md-none">
                        <span class="ct-font--opensans-extrabold">
                        Filtrar por
                        </span>
                        <span class="product-count pull-right">
                        5194 Produtos
                        </span>
                        <button class="pull-right refinement-close" data-toggle="tooltip" data-placement="right" title="" data-original-title="Voltar">
                        <span class="svg-wrapper svg-icon-close" style="width:16px; height:16px">
                        <svg class="svg-inline icon-close" xmlns="http://www.w3.org/2000/svg" viewBox="0 0 16 16" width="100%" height="100%"><path fill="#6F6F6F" fill-rule="evenodd" d="M14.897.19a.646.646 0 01.914.913L8.914 8l6.897 6.897c.227.227.25.581.068.834l-.068.08a.644.644 0 01-.914 0L8 8.914l-6.897 6.897a.643.643 0 01-.358.181L.646 16a.646.646 0 01-.457-1.103L7.086 8 .189 1.103A.646.646 0 01.121.27L.19.19a.646.646 0 01.914 0L8 7.086z"></path></svg>
                        </span>
                        </button>
                        </div>
                        </div>
                        <div class="refinements-container">
                        <div class="refinements">
                        <div class="collapsible-lg ct-border--radius active refinement refinement-category" data-refinement-type="category">
                        <div class="col-sm-12">
                        <button class="title refinement-title text-left btn-block ct-font--opensans-bold d-flex justify-content-between" aria-controls="refinement-categorias" aria-expanded="false">
                        <span class="refinement-title-text">
                        Categorias
                        </span>
                        <span class="refinement-closed">
                        <span class="svg-wrapper svg-icon-arrow-down" style="width:15px; height:15px">
                        <svg class="svg-inline icon-arrow-down" xmlns="http://www.w3.org/2000/svg" viewBox="0 0 12 13" width="100%" height="100%"><path fill="#EB0203" fill-rule="evenodd" d="M5.406 9.174l-5.16-5.16a.84.84 0 111.189-1.188L6 7.39l4.565-4.565a.84.84 0 011.189 1.188l-5.16 5.16a.837.837 0 01-1.188 0z"></path></svg>
                        </span>
                        </span>
                        <span class="refinement-opened">
                        <span class="svg-wrapper svg-icon-arrow-up" style="width:auto; height:auto">
                        <svg class="svg-inline icon-arrow-up" xmlns="http://www.w3.org/2000/svg" viewBox="0 0 15 9" width="15" height="9"><path fill="#EB0203" fill-rule="evenodd" d="M6.757.532l-6.45 6.45a1.05 1.05 0 1 0 1.486 1.486L7.5 2.76l5.707 5.707a1.05 1.05 0 0 0 1.485-1.486L8.242.532a1.047 1.047 0 0 0-1.485 0z"></path></svg>
                        </span>
                        </span>
                        </button>
                        </div>
                        <div class="content value refinement-content category-refinements-container" id="refinement-categorias">
                        <div class="search-refinement-wrapper">
                        <label class="visually-hidden" for="categoryRefinementSearch">
                        Procurar por categorias
                        </label>
                        <input id="searchbar" type="text" title class="form-control ct-form-input search-refinement" name="searchbar" placeholder="Procurar por Categorias" data-filter="category"/>  
                        <span class="svg-wrapper svg-icon-search" style="width:20px; height:20px">
                        <svg class="svg-inline icon-search" xmlns="http://www.w3.org/2000/svg" width="100%" height="100%" viewBox="0 0 20 20"><path fill="#EB0203" fill-rule="evenodd" d="M8.667 0a8.667 8.667 0 016.582 14.305l4.441 4.443.054.06a.666.666 0 11-.936.936.628.628 0 01-.06-.054l-4.443-4.441A8.667 8.667 0 118.667 0zm0 1.333a7.333 7.333 0 100 14.667 7.333 7.333 0 000-14.667z"></path></svg>
                        </span>
                        </div>
                        <div class="js-category-refinements-wrapper category-refinement-wrapper">
                        <ul class="values content row js-category-first-level category-first-level category-level-displayed disableCategoryButton">
                                        <li class="refinement-value filter-selected w-100 top-element selected">
                                            <a class="category-refinement-btn has-dropdown active d-flex justify-content-between is-selected" href="" data-category-id="mercearias" data-cgid="mercearias">
                                                
                                    <span title="Mercearia" class="ct-font--opensans-bold refine-link" aria-hidden="true" data-has-childs="true">
                                        Mercearia<span class="hit-count"> (5194)</span>
                                    </span>
                                
                                    <span class="ml-auto d-flex align-items-center hideProductFromCategory">
                                        <span class="svg-wrapper svg-icon-arrow-down" style="width:12px; height:13px">
                        <svg class="svg-inline icon-arrow-down" xmlns="http://www.w3.org/2000/svg" viewBox="0 0 12 13" width="100%" height="100%"><path fill="#EB0203" fill-rule="evenodd" d="M5.406 9.174l-5.16-5.16a.84.84 0 111.189-1.188L6 7.39l4.565-4.565a.84.84 0 011.189 1.188l-5.16 5.16a.837.837 0 01-1.188 0z"></path></svg>
                        </span><span class="svg-wrapper svg-icon-arrow-up" style="width:auto; height:auto">
                        <svg class="svg-inline icon-arrow-up" xmlns="http://www.w3.org/2000/svg" viewBox="0 0 15 9" width="15" height="9"><path fill="#EB0203" fill-rule="evenodd" d="M6.757.532l-6.45 6.45a1.05 1.05 0 1 0 1.486 1.486L7.5 2.76l5.707 5.707a1.05 1.05 0 0 0 1.485-1.486L8.242.532a1.047 1.047 0 0 0-1.485 0z"></path></svg>
                        </span>
                                    </span>
                                
                                    <span class="sr-only selected-assistive-text">
                                        Mercearia<span class="hit-count"> (5194)</span>
                                    </span>
                                
                                            </a>
                                            
                                        
                                    
                                        </li>
                                    
                                    <li class="refinement-value w-100 top-element category-refinement-element hideProductFromCategory">
                                        <a class="category-refinement-btn  " href="https://www.continente.pt/feira-casa-outono/" data-category-id="campanhas-feira-casa-outono" data-cgid="campanhas-feira-casa-outono">
                                            
                                    <span title="Feira Casa Outono" class="refine-link" aria-hidden="true" data-has-childs="false">
                                        Feira Casa Outono<span class="hit-count"> (19)</span>
                                    </span>
                                
                                    <span class="sr-only selected-assistive-text">
                                        Feira Casa Outono<span class="hit-count"> (19)</span>
                                    </span>
                                
                                        </a>
                                    </li>
                                
                                    <li class="refinement-value w-100 top-element category-refinement-element hideProductFromCategory">
                                        <a class="category-refinement-btn  " href="https://www.continente.pt/bio-e-escolhas-alimentares/" data-category-id="biologicos" data-cgid="biologicos">
                                            
                                    <span title="Bio e Escolhas Alimentares" class="refine-link" aria-hidden="true" data-has-childs="false">
                                        Bio e Escolhas Alimentares<span class="hit-count"> (2228)</span>
                                    </span>
                                
                                    <span class="sr-only selected-assistive-text">
                                        Bio e Escolhas Alimentares<span class="hit-count"> (2228)</span>
                                    </span>
                                
                                        </a>
                                    </li>
                                
                                    <li class="refinement-value w-100 top-element category-refinement-element hideProductFromCategory">
                                        <a class="category-refinement-btn  " href="https://www.continente.pt/laticinios-e-ovos/" data-category-id="laticinios" data-cgid="laticinios">
                                            
                                    <span title="Laticínios e Ovos" class="refine-link" aria-hidden="true" data-has-childs="false">
                                        Laticínios e Ovos<span class="hit-count"> (957)</span>
                                    </span>
                                
                                    <span class="sr-only selected-assistive-text">
                                        Laticínios e Ovos<span class="hit-count"> (957)</span>
                                    </span>
                                
                                        </a>
                                    </li>
                                
                                    <li class="refinement-value w-100 top-element category-refinement-element hideProductFromCategory">
                                        <a class="category-refinement-btn  " href="https://www.continente.pt/peixaria-e-talho/" data-category-id="peixaria-e-talho" data-cgid="peixaria-e-talho">
                                            
                                    <span title="Peixaria e Talho" class="refine-link" aria-hidden="true" data-has-childs="false">
                                        Peixaria e Talho<span class="hit-count"> (708)</span>
                                    </span>
                                
                                    <span class="sr-only selected-assistive-text">
                                        Peixaria e Talho<span class="hit-count"> (708)</span>
                                    </span>
                                
                                        </a>
                                    </li>
                                
                                    <li class="refinement-value w-100 view-more-elem  hide-refinement category-refinement-element">
                                        <a class="category-refinement-btn  " href="https://www.continente.pt/frutas-e-legumes/" data-category-id="frutas-legumes" data-cgid="frutas-legumes">
                                            
                                    <span title="Frutas e Legumes" class="refine-link" aria-hidden="true" data-has-childs="false">
                                        Frutas e Legumes<span class="hit-count"> (578)</span>
                                    </span>
                                
                                    <span class="sr-only selected-assistive-text">
                                        Frutas e Legumes<span class="hit-count"> (578)</span>
                                    </span>
                                
                                        </a>
                                    </li>
                                
                                    <li class="refinement-value w-100 view-more-elem  hide-refinement category-refinement-element">
                                        <a class="category-refinement-btn  " href="https://www.continente.pt/charcutaria-e-queijos/" data-category-id="charcutaria-queijo" data-cgid="charcutaria-queijo">
                                            
                                    <span title="Charcutaria e Queijos" class="refine-link" aria-hidden="true" data-has-childs="false">
                                        Charcutaria e Queijos<span class="hit-count"> (731)</span>
                                    </span>
                                
                                    <span class="sr-only selected-assistive-text">
                                        Charcutaria e Queijos<span class="hit-count"> (731)</span>
                                    </span>
                                
                                        </a>
                                    </li>
                                
                                    <li class="refinement-value w-100 view-more-elem  hide-refinement category-refinement-element">
                                        <a class="category-refinement-btn  " href="https://www.continente.pt/padaria-e-pastelaria/" data-category-id="padaria-e-pastelaria" data-cgid="padaria-e-pastelaria">
                                            
                                    <span title="Padaria e Pastelaria" class="refine-link" aria-hidden="true" data-has-childs="false">
                                        Padaria e Pastelaria<span class="hit-count"> (541)</span>
                                    </span>
                                
                                    <span class="sr-only selected-assistive-text">
                                        Padaria e Pastelaria<span class="hit-count"> (541)</span>
                                    </span>
                                
                                        </a>
                                    </li>
                                
                                    <li class="refinement-value w-100 view-more-elem  hide-refinement category-refinement-element">
                                        <a class="category-refinement-btn  " href="https://www.continente.pt/refeicoes-faceis/" data-category-id="refeicoes-faceis" data-cgid="refeicoes-faceis">
                                            
                                    <span title="Refeições Fáceis" class="refine-link" aria-hidden="true" data-has-childs="false">
                                        Refeições Fáceis<span class="hit-count"> (693)</span>
                                    </span>
                                
                                    <span class="sr-only selected-assistive-text">
                                        Refeições Fáceis<span class="hit-count"> (693)</span>
                                    </span>
                                
                                        </a>
                                    </li>
                                
                                    <li class="refinement-value w-100 view-more-elem  hide-refinement category-refinement-element">
                                        <a class="category-refinement-btn  " href="https://www.continente.pt/congelados/" data-category-id="congelados" data-cgid="congelados">
                                            
                                    <span title="Congelados" class="refine-link" aria-hidden="true" data-has-childs="false">
                                        Congelados<span class="hit-count"> (834)</span>
                                    </span>
                                
                                    <span class="sr-only selected-assistive-text">
                                        Congelados<span class="hit-count"> (834)</span>
                                    </span>
                                
                                        </a>
                                    </li>
                                
                                    <li class="refinement-value w-100 view-more-elem  hide-refinement category-refinement-element">
                                        <a class="category-refinement-btn  " href="https://www.continente.pt/bebidas-e-garrafeira/" data-category-id="bebidas" data-cgid="bebidas">
                                            
                                    <span title="Bebidas e Garrafeira" class="refine-link" aria-hidden="true" data-has-childs="false">
                                        Bebidas e Garrafeira<span class="hit-count"> (2638)</span>
                                    </span>
                                
                                    <span class="sr-only selected-assistive-text">
                                        Bebidas e Garrafeira<span class="hit-count"> (2638)</span>
                                    </span>
                                
                                        </a>
                                    </li>
                                
                                    <li class="refinement-value w-100 view-more-elem  hide-refinement category-refinement-element">
                                        <a class="category-refinement-btn  " href="https://www.continente.pt/beleza-e-higiene/" data-category-id="higiene-beleza" data-cgid="higiene-beleza">
                                            
                                    <span title="Beleza e Higiene" class="refine-link" aria-hidden="true" data-has-childs="false">
                                        Beleza e Higiene<span class="hit-count"> (4045)</span>
                                    </span>
                                
                                    <span class="sr-only selected-assistive-text">
                                        Beleza e Higiene<span class="hit-count"> (4045)</span>
                                    </span>
                                
                                        </a>
                                    </li>
                                
                                    <li class="refinement-value w-100 view-more-elem  hide-refinement category-refinement-element">
                                        <a class="category-refinement-btn  " href="https://www.continente.pt/bebe/" data-category-id="bebe" data-cgid="bebe">
                                            
                                    <span title="Bebé" class="refine-link" aria-hidden="true" data-has-childs="false">
                                        Bebé<span class="hit-count"> (1382)</span>
                                    </span>
                                
                                    <span class="sr-only selected-assistive-text">
                                        Bebé<span class="hit-count"> (1382)</span>
                                    </span>
                                
                                        </a>
                                    </li>
                                
                                    <li class="refinement-value w-100 view-more-elem  hide-refinement category-refinement-element">
                                        <a class="category-refinement-btn  " href="https://www.continente.pt/limpeza/" data-category-id="limpeza" data-cgid="limpeza">
                                            
                                    <span title="Limpeza" class="refine-link" aria-hidden="true" data-has-childs="false">
                                        Limpeza<span class="hit-count"> (1737)</span>
                                    </span>
                                
                                    <span class="sr-only selected-assistive-text">
                                        Limpeza<span class="hit-count"> (1737)</span>
                                    </span>
                                
                                        </a>
                                    </li>
                                
                                    <li class="refinement-value w-100 view-more-elem  hide-refinement category-refinement-element">
                                        <a class="category-refinement-btn  " href="https://www.continente.pt/casa-bricolage-e-jardim/" data-category-id="casa" data-cgid="casa">
                                            
                                    <span title="Casa, Bricolage e Jardim" class="refine-link" aria-hidden="true" data-has-childs="false">
                                        Casa, Bricolage e Jardim<span class="hit-count"> (5035)</span>
                                    </span>
                                
                                    <span class="sr-only selected-assistive-text">
                                        Casa, Bricolage e Jardim<span class="hit-count"> (5035)</span>
                                    </span>
                                
                                        </a>
                                    </li>
                                
                                    <li class="refinement-value w-100 view-more-elem  hide-refinement category-refinement-element">
                                        <a class="category-refinement-btn  " href="https://www.continente.pt/animais-by-zu/" data-category-id="animais" data-cgid="animais">
                                            
                                    <span title="Animais by ZU" class="refine-link" aria-hidden="true" data-has-childs="false">
                                        Animais by ZU<span class="hit-count"> (2692)</span>
                                    </span>
                                
                                    <span class="sr-only selected-assistive-text">
                                        Animais by ZU<span class="hit-count"> (2692)</span>
                                    </span>
                                
                                        </a>
                                    </li>
                                
                                    <li class="refinement-value w-100 view-more-elem  hide-refinement category-refinement-element">
                                        <a class="category-refinement-btn  " href="https://www.continente.pt/brinquedos-e-jogos/" data-category-id="brinquedos" data-cgid="brinquedos">
                                            
                                    <span title="Brinquedos e Jogos" class="refine-link" aria-hidden="true" data-has-childs="false">
                                        Brinquedos e Jogos<span class="hit-count"> (2965)</span>
                                    </span>
                                
                                    <span class="sr-only selected-assistive-text">
                                        Brinquedos e Jogos<span class="hit-count"> (2965)</span>
                                    </span>
                                
                                        </a>
                                    </li>
                                
                                    <li class="refinement-value w-100 view-more-elem  hide-refinement category-refinement-element">
                                        <a class="category-refinement-btn  " href="https://www.continente.pt/livraria-e-papelaria/" data-category-id="livraria-papelaria" data-cgid="livraria-papelaria">
                                            
                                    <span title="Livraria e Papelaria" class="refine-link" aria-hidden="true" data-has-childs="false">
                                        Livraria e Papelaria<span class="hit-count"> (5740)</span>
                                    </span>
                                
                                    <span class="sr-only selected-assistive-text">
                                        Livraria e Papelaria<span class="hit-count"> (5740)</span>
                                    </span>
                                
                                        </a>
                                    </li>
                                
                                    <li class="refinement-value w-100 view-more-elem  hide-refinement category-refinement-element">
                                        <a class="category-refinement-btn  " href="https://www.continente.pt/desporto-e-ar-livre/" data-category-id="desporto-ar-livre" data-cgid="desporto-ar-livre">
                                            
                                    <span title="Desporto e Ar Livre" class="refine-link" aria-hidden="true" data-has-childs="false">
                                        Desporto e Ar Livre<span class="hit-count"> (164)</span>
                                    </span>
                                
                                    <span class="sr-only selected-assistive-text">
                                        Desporto e Ar Livre<span class="hit-count"> (164)</span>
                                    </span>
                                
                                        </a>
                                    </li>
                                
                                    <li class="refinement-value w-100 view-more-elem  hide-refinement category-refinement-element">
                                        <a class="category-refinement-btn  " href="https://www.continente.pt/roupa-calcado-bagagens/" data-category-id="vestuario-calcado" data-cgid="vestuario-calcado">
                                            
                                    <span title="Roupa, Calçado, Bagagens" class="refine-link" aria-hidden="true" data-has-childs="false">
                                        Roupa, Calçado, Bagagens<span class="hit-count"> (282)</span>
                                    </span>
                                
                                    <span class="sr-only selected-assistive-text">
                                        Roupa, Calçado, Bagagens<span class="hit-count"> (282)</span>
                                    </span>
                                
                                        </a>
                                    </li>
                                
                                <li class="refinement-value w-100 category-refinement-element refinement-link show-more hideProductFromCategory">
                                    <a class="ct-anchor js-refinement-show-more refinement-show-more" data-label-view-more="Ver mais" data-label-view-less="Ver menos" href="#">
                                        Ver mais
                                    </a>
                                </li>
                            </ul>
                        <ul class="values content row js-category-second-level category-second-level">
                                            
                                    <li class="refinement-value w-100    category-refinement-element">
                                        <a class="category-refinement-btn  " href="https://www.continente.pt/campanhas/grandes-marcas-compre-mais-por-menos/?start=0&amp;pmin=0.01&amp;prefn1=memorySize&amp;prefv1=Mercearia" data-category-id="mercearias-grandes-marcas-mais-por-menos" data-cgid="mercearias-grandes-marcas-mais-por-menos">
                                            
                                    <span title="Grandes Marcas, Compre + por -" class="refine-link" aria-hidden="true" data-has-childs="false">
                                        Grandes Marcas, Compre + por -<span class="hit-count"> (3)</span>
                                    </span>
                                
                                    <span class="sr-only selected-assistive-text">
                                        Grandes Marcas, Compre + por -<span class="hit-count"> (3)</span>
                                    </span>
                                
                                        </a>
                                    </li>
                                
                                    <li class="refinement-value w-100    category-refinement-element">
                                        <a class="category-refinement-btn  " href="https://www.continente.pt/mercearia/cafe-cha-e-chocolate-soluvel/" data-category-id="mercearias-cafe-cha" data-cgid="mercearias-cafe-cha">
                                            
                                    <span title="Café, Chá e Chocolate Solúvel" class="refine-link" aria-hidden="true" data-has-childs="false">
                                        Café, Chá e Chocolate Solúvel<span class="hit-count"> (865)</span>
                                    </span>
                                
                                    <span class="sr-only selected-assistive-text">
                                        Café, Chá e Chocolate Solúvel<span class="hit-count"> (865)</span>
                                    </span>
                                
                                        </a>
                                    </li>
                                
                                    <li class="refinement-value w-100    category-refinement-element">
                                        <a class="category-refinement-btn  " href="https://www.continente.pt/mercearia/cereais-e-barras/" data-category-id="mercearias-cereais-barras" data-cgid="mercearias-cereais-barras">
                                            
                                    <span title="Cereais e Barras" class="refine-link" aria-hidden="true" data-has-childs="false">
                                        Cereais e Barras<span class="hit-count"> (327)</span>
                                    </span>
                                
                                    <span class="sr-only selected-assistive-text">
                                        Cereais e Barras<span class="hit-count"> (327)</span>
                                    </span>
                                
                                        </a>
                                    </li>
                                
                                    <li class="refinement-value w-100    category-refinement-element">
                                        <a class="category-refinement-btn  " href="https://www.continente.pt/mercearia/bolachas-biscoitos-e-tostas/" data-category-id="mercearias-bolachas-biscoitos" data-cgid="mercearias-bolachas-biscoitos">
                                            
                                    <span title="Bolachas, Biscoitos e Tostas" class="refine-link" aria-hidden="true" data-has-childs="false">
                                        Bolachas, Biscoitos e Tostas<span class="hit-count"> (666)</span>
                                    </span>
                                
                                    <span class="sr-only selected-assistive-text">
                                        Bolachas, Biscoitos e Tostas<span class="hit-count"> (666)</span>
                                    </span>
                                
                                        </a>
                                    </li>
                                
                                    <li class="refinement-value w-100    category-refinement-element">
                                        <a class="category-refinement-btn  " href="https://www.continente.pt/mercearia/chocolate-gomas-e-rebucados/" data-category-id="mercearias-chocolate" data-cgid="mercearias-chocolate">
                                            
                                    <span title="Chocolate, Gomas e Rebuçados" class="refine-link" aria-hidden="true" data-has-childs="false">
                                        Chocolate, Gomas e Rebuçados<span class="hit-count"> (1055)</span>
                                    </span>
                                
                                    <span class="sr-only selected-assistive-text">
                                        Chocolate, Gomas e Rebuçados<span class="hit-count"> (1055)</span>
                                    </span>
                                
                                        </a>
                                    </li>
                                
                                    <li class="refinement-value w-100 view-more-elem  hide-refinement category-refinement-element" style="display: list-item;">
                                        <a class="category-refinement-btn  " href="https://www.continente.pt/mercearia/arroz-massa-e-farinha/" data-category-id="mercearias-arroz-massa" data-cgid="mercearias-arroz-massa">
                                            
                                    <span title="Arroz, Massa e Farinha" class="refine-link" aria-hidden="true" data-has-childs="false">
                                        Arroz, Massa e Farinha<span class="hit-count"> (416)</span>
                                    </span>
                                
                                    <span class="sr-only selected-assistive-text">
                                        Arroz, Massa e Farinha<span class="hit-count"> (416)</span>
                                    </span>
                                
                                        </a>
                                    </li>
                                
                                    <li class="refinement-value w-100 view-more-elem  hide-refinement category-refinement-element" style="display: list-item;">
                                        <a class="category-refinement-btn  " href="https://www.continente.pt/mercearia/azeite-oleo-e-vinagre/" data-category-id="mercearias-azeite-oleo-vinagre" data-cgid="mercearias-azeite-oleo-vinagre">
                                            
                                    <span title="Azeite, Óleo e Vinagre" class="refine-link" aria-hidden="true" data-has-childs="false">
                                        Azeite, Óleo e Vinagre<span class="hit-count"> (185)</span>
                                    </span>
                                
                                    <span class="sr-only selected-assistive-text">
                                        Azeite, Óleo e Vinagre<span class="hit-count"> (185)</span>
                                    </span>
                                
                                        </a>
                                    </li>
                                
                                    <li class="refinement-value w-100 view-more-elem  hide-refinement category-refinement-element" style="display: list-item;">
                                        <a class="category-refinement-btn  " href="https://www.continente.pt/mercearia/conservas/" data-category-id="mercearias-conservas" data-cgid="mercearias-conservas">
                                            
                                    <span title="Conservas" class="refine-link" aria-hidden="true" data-has-childs="false">
                                        Conservas<span class="hit-count"> (460)</span>
                                    </span>
                                
                                    <span class="sr-only selected-assistive-text">
                                        Conservas<span class="hit-count"> (460)</span>
                                    </span>
                                
                                        </a>
                                    </li>
                                
                                    <li class="refinement-value w-100 view-more-elem  hide-refinement category-refinement-element" style="display: list-item;">
                                        <a class="category-refinement-btn  " href="https://www.continente.pt/mercearia/molhos-temperos-e-sal/" data-category-id="mercearias-molhos-temperos" data-cgid="mercearias-molhos-temperos">
                                            
                                    <span title="Molhos, Temperos e Sal" class="refine-link" aria-hidden="true" data-has-childs="false">
                                        Molhos, Temperos e Sal<span class="hit-count"> (497)</span>
                                    </span>
                                
                                    <span class="sr-only selected-assistive-text">
                                        Molhos, Temperos e Sal<span class="hit-count"> (497)</span>
                                    </span>
                                
                                        </a>
                                    </li>
                                
                                    <li class="refinement-value w-100 view-more-elem  hide-refinement category-refinement-element" style="display: list-item;">
                                        <a class="category-refinement-btn  " href="https://www.continente.pt/mercearia/snacks-e-batatas-fritas/" data-category-id="mercearias-snacks" data-cgid="mercearias-snacks">
                                            
                                    <span title="Snacks e Batatas Fritas" class="refine-link" aria-hidden="true" data-has-childs="false">
                                        Snacks e Batatas Fritas<span class="hit-count"> (389)</span>
                                    </span>
                                
                                    <span class="sr-only selected-assistive-text">
                                        Snacks e Batatas Fritas<span class="hit-count"> (389)</span>
                                    </span>
                                
                                        </a>
                                    </li>
                                
                                    <li class="refinement-value w-100 view-more-elem  hide-refinement category-refinement-element" style="display: list-item;">
                                        <a class="category-refinement-btn  " href="https://www.continente.pt/mercearia/compotas-cremes-e-mel/" data-category-id="mercearias-compotas" data-cgid="mercearias-compotas">
                                            
                                    <span title="Compotas, Cremes e Mel" class="refine-link" aria-hidden="true" data-has-childs="false">
                                        Compotas, Cremes e Mel<span class="hit-count"> (181)</span>
                                    </span>
                                
                                    <span class="sr-only selected-assistive-text">
                                        Compotas, Cremes e Mel<span class="hit-count"> (181)</span>
                                    </span>
                                
                                        </a>
                                    </li>
                                
                                    <li class="refinement-value w-100 view-more-elem  hide-refinement category-refinement-element" style="display: list-item;">
                                        <a class="category-refinement-btn  " href="https://www.continente.pt/mercearia/acucar-e-sobremesas/" data-category-id="mercearias-acucar" data-cgid="mercearias-acucar">
                                            
                                    <span title="Açúcar e Sobremesas" class="refine-link" aria-hidden="true" data-has-childs="false">
                                        Açúcar e Sobremesas<span class="hit-count"> (347)</span>
                                    </span>
                                
                                    <span class="sr-only selected-assistive-text">
                                        Açúcar e Sobremesas<span class="hit-count"> (347)</span>
                                    </span>
                                
                                        </a>
                                    </li>
                                
                                    <li class="refinement-value w-100 view-more-elem  hide-refinement category-refinement-element" style="display: list-item;">
                                        <a class="category-refinement-btn  " href="https://www.continente.pt/mercearia/sopas-e-refeicoes/" data-category-id="mercearias-refeicoes" data-cgid="mercearias-refeicoes">
                                            
                                    <span title="Sopas e Refeições" class="refine-link" aria-hidden="true" data-has-childs="false">
                                        Sopas e Refeições<span class="hit-count"> (225)</span>
                                    </span>
                                
                                    <span class="sr-only selected-assistive-text">
                                        Sopas e Refeições<span class="hit-count"> (225)</span>
                                    </span>
                                
                                        </a>
                                    </li>
                                
                                    <li class="refinement-value w-100 view-more-elem  hide-refinement category-refinement-element" style="display: list-item;">
                                        <a class="category-refinement-btn  " href="https://www.continente.pt/mercearia/alimentacao-infantil/" data-category-id="mercearias-alimentacao-infantil" data-cgid="mercearias-alimentacao-infantil">
                                            
                                    <span title="Alimentação Infantil" class="refine-link" aria-hidden="true" data-has-childs="false">
                                        Alimentação Infantil<span class="hit-count"> (296)</span>
                                    </span>
                                
                                    <span class="sr-only selected-assistive-text">
                                        Alimentação Infantil<span class="hit-count"> (296)</span>
                                    </span>
                                
                                        </a>
                                    </li>
                                
                                    <li class="refinement-value w-100 view-more-elem  hide-refinement category-refinement-element" style="display: list-item;">
                                        <a class="category-refinement-btn  " href="https://www.continente.pt/mercearia/cabazes-presente/" data-category-id="mercearias-cabazes-presente" data-cgid="mercearias-cabazes-presente">
                                            
                                    <span title="Cabazes Presente" class="refine-link" aria-hidden="true" data-has-childs="false">
                                        Cabazes Presente<span class="hit-count"> (32)</span>
                                    </span>
                                
                                    <span class="sr-only selected-assistive-text">
                                        Cabazes Presente<span class="hit-count"> (32)</span>
                                    </span>
                                
                                        </a>
                                    </li>
                                
                                    <li class="refinement-value w-100 view-more-elem  hide-refinement category-refinement-element" style="display: list-item;">
                                        <a class="category-refinement-btn  " href="https://www.continente.pt/lojas-das-marcas/" data-category-id="mercearias-lojas-marcas" data-cgid="mercearias-lojas-marcas">
                                            
                                    <span title="Lojas de Marcas" class="refine-link" aria-hidden="true" data-has-childs="false">
                                        Lojas de Marcas<span class="hit-count"> (17)</span>
                                    </span>
                                
                                    <span class="sr-only selected-assistive-text">
                                        Lojas de Marcas<span class="hit-count"> (17)</span>
                                    </span>
                                
                                        </a>
                                    </li>
                                
                                <li class="refinement-value w-100 category-refinement-element refinement-link show-more ">
                                    <a class="ct-anchor js-refinement-show-more refinement-show-more" data-label-view-more="Ver mais" data-label-view-less="Ver menos" href="#">Ver menos</a>
                                </li>
                            
                                        </ul>
                        <ul class="values content row js-category-third-level category-third-level hide-refinement">
                        </ul>
                        <ul class="values content row js-category-forth-level category-forth-level hide-refinement">
                        </ul>
                        </div>
                        <div class="d-none">
                        <span class="label-show-more">Ver mais</span>
                        <span class="label-show-less">Ver menos</span>
                        </div>
                        </div>
                        </div>
                        <div class="collapsible-lg ct-border--radius active refinement refinement-brand" data-refinement-type="brand">
                        <div class="col-sm-12">
                        <button class="title refinement-title text-left btn-block ct-font--opensans-bold d-flex justify-content-between" aria-controls="refinement-marcas" aria-expanded="false">
                        <span class="refinement-title-text">
                        Marcas
                        </span>
                        <span class="refinement-closed">
                        <span class="svg-wrapper svg-icon-arrow-down" style="width:15px; height:15px">
                        <svg class="svg-inline icon-arrow-down" xmlns="http://www.w3.org/2000/svg" viewBox="0 0 12 13" width="100%" height="100%"><path fill="#EB0203" fill-rule="evenodd" d="M5.406 9.174l-5.16-5.16a.84.84 0 111.189-1.188L6 7.39l4.565-4.565a.84.84 0 011.189 1.188l-5.16 5.16a.837.837 0 01-1.188 0z"></path></svg>
                        </span>
                        </span>
                        <span class="refinement-opened">
                        <span class="svg-wrapper svg-icon-arrow-up" style="width:auto; height:auto">
                        <svg class="svg-inline icon-arrow-up" xmlns="http://www.w3.org/2000/svg" viewBox="0 0 15 9" width="15" height="9"><path fill="#EB0203" fill-rule="evenodd" d="M6.757.532l-6.45 6.45a1.05 1.05 0 1 0 1.486 1.486L7.5 2.76l5.707 5.707a1.05 1.05 0 0 0 1.485-1.486L8.242.532a1.047 1.047 0 0 0-1.485 0z"></path></svg>
                        </span>
                        </span>
                        </button>
                        </div>
                        <div class="content value refinement-content " id="refinement-marcas">
                        <ul class="values content row">
                        <li class="search-refinement-value w-100 d-block">
                        <div class="search-refinement-wrapper">
                        <label class="visually-hidden" for="brandRefinementSearch">
                        Procurar por marcas
                        </label>
                        <input id="searchbar" type="text" class="form-control ct-form-input search-refinement" name="searchbar" placeholder="Procurar por Marcas" data-filter="brand"/> 
                        <span class="svg-wrapper svg-icon-search" style="width:20px; height:20px">
                        <svg class="svg-inline icon-search" xmlns="http://www.w3.org/2000/svg" width="100%" height="100%" viewBox="0 0 20 20"><path fill="#EB0203" fill-rule="evenodd" d="M8.667 0a8.667 8.667 0 016.582 14.305l4.441 4.443.054.06a.666.666 0 11-.936.936.628.628 0 01-.06-.054l-4.443-4.441A8.667 8.667 0 118.667 0zm0 1.333a7.333 7.333 0 100 14.667 7.333 7.333 0 000-14.667z"></path></svg>
                        </span>
                        </div>
                        </li>
                        <li class="refinement-value   ">
                        <button data-href="/on/demandware.store/Sites-continente-Site/default/Search-ShowAjax?cgid=mercearias&amp;pmin=0%2e01&amp;prefn1=brand&amp;prefv1=Abeelha" class="refinement-btn ">
                        <div class="ct-form-checkbox">
                        <input id="Abeelha" type="checkbox" title="">
                        <label class="ct-form-check-label" for="Abeelha">
                        Abeelha <span class="hit-count">(1)</span>
                        </label>
                        <span class="checkmark"></span>
                        </div>
                        <span class="sr-only selected-assistive-text">
                        Refine by Marcas: Abeelha
                        </span>
                        </button>
                        </li>
                        <li class="refinement-value   ">
                        <button data-href="/on/demandware.store/Sites-continente-Site/default/Search-ShowAjax?cgid=mercearias&amp;pmin=0%2e01&amp;prefn1=brand&amp;prefv1=Adega%20Borba" class="refinement-btn ">
                        <div class="ct-form-checkbox">
                        <input id="Adega Borba" type="checkbox" title="">
                        <label class="ct-form-check-label" for="Adega Borba">
                        Adega Borba <span class="hit-count">(1)</span>
                        </label>
                        <span class="checkmark"></span>
                        </div>
                        <span class="sr-only selected-assistive-text">
                        Refine by Marcas: Adega Borba
                        </span>
                        </button>
                        </li>
                        <li class="refinement-value   ">
                        <button data-href="/on/demandware.store/Sites-continente-Site/default/Search-ShowAjax?cgid=mercearias&amp;pmin=0%2e01&amp;prefn1=brand&amp;prefv1=After%20Eight" class="refinement-btn ">
                        <div class="ct-form-checkbox">
                        <input id="After Eight" type="checkbox" title="">
                        <label class="ct-form-check-label" for="After Eight">
                        After Eight <span class="hit-count">(4)</span>
                        </label>
                        <span class="checkmark"></span>
                        </div>
                        <span class="sr-only selected-assistive-text">
                        Refine by Marcas: After Eight
                        </span>
                        </button>
                        </li>
                        <li class="refinement-value   ">
                        <button data-href="/on/demandware.store/Sites-continente-Site/default/Search-ShowAjax?cgid=mercearias&amp;pmin=0%2e01&amp;prefn1=brand&amp;prefv1=Agromontenegro" class="refinement-btn ">
                        <div class="ct-form-checkbox">
                        <input id="Agromontenegro" type="checkbox" title="">
                        <label class="ct-form-check-label" for="Agromontenegro">
                        Agromontenegro <span class="hit-count">(1)</span>
                         </label>
                        <span class="checkmark"></span>
                        </div>
                        <span class="sr-only selected-assistive-text">
                        Refine by Marcas: Agromontenegro
                        </span>
                        </button>
                        </li>
                        <li class="refinement-value   ">
                        <button data-href="/on/demandware.store/Sites-continente-Site/default/Search-ShowAjax?cgid=mercearias&amp;pmin=0%2e01&amp;prefn1=brand&amp;prefv1=Ahmad" class="refinement-btn ">
                        <div class="ct-form-checkbox">
                        <input id="Ahmad" type="checkbox" title="">
                        <label class="ct-form-check-label" for="Ahmad">
                        Ahmad <span class="hit-count">(8)</span>
                        </label>
                        <span class="checkmark"></span>
                        </div>
                        <span class="sr-only selected-assistive-text">
                        Refine by Marcas: Ahmad
                        </span>
                        </button>
                        </li>
                        <li class="refinement-value hide-refinement  ">
                        <button data-href="/on/demandware.store/Sites-continente-Site/default/Search-ShowAjax?cgid=mercearias&amp;pmin=0%2e01&amp;prefn1=brand&amp;prefv1=Al%27Fez" class="refinement-btn ">
                        <div class="ct-form-checkbox">
                        <input id="Al'Fez" type="checkbox" title="">
                        <label class="ct-form-check-label" for="Al'Fez">
                        Al'Fez <span class="hit-count">(2)</span>
                        </label>
                        <span class="checkmark"></span>
                        </div>
                        <span class="sr-only selected-assistive-text">
                        Refine by Marcas: Al'Fez
                        </span>
                        </button>
                        </li>
                        <li class="refinement-value hide-refinement  ">
                        <button data-href="/on/demandware.store/Sites-continente-Site/default/Search-ShowAjax?cgid=mercearias&amp;pmin=0%2e01&amp;prefn1=brand&amp;prefv1=Alb-Gold" class="refinement-btn ">
                        <div class="ct-form-checkbox">
                        <input id="Alb-Gold" type="checkbox" title="">
                        <label class="ct-form-check-label" for="Alb-Gold">
                        Alb-Gold <span class="hit-count">(2)</span>
                        </label>
                        <span class="checkmark"></span>
                        </div>
                        <span class="sr-only selected-assistive-text">
                        Refine by Marcas: Alb-Gold
                        </span>
                        </button>
                        </li>
                        <li class="refinement-value hide-refinement  ">
                        <button data-href="/on/demandware.store/Sites-continente-Site/default/Search-ShowAjax?cgid=mercearias&amp;pmin=0%2e01&amp;prefn1=brand&amp;prefv1=Albisabores" class="refinement-btn ">
                        <div class="ct-form-checkbox">
                        <input id="Albisabores" type="checkbox" title="">
                        <label class="ct-form-check-label" for="Albisabores">
                        Albisabores <span class="hit-count">(8)</span>
                        </label>
                        <span class="checkmark"></span>
                        </div>
                        <span class="sr-only selected-assistive-text">
                        Refine by Marcas: Albisabores
                        </span>
                        </button>
                        </li>
                        <li class="refinement-value hide-refinement  ">
                        <button data-href="/on/demandware.store/Sites-continente-Site/default/Search-ShowAjax?cgid=mercearias&amp;pmin=0%2e01&amp;prefn1=brand&amp;prefv1=Alpen" class="refinement-btn ">
                        <div class="ct-form-checkbox">
                        <input id="Alpen" type="checkbox" title="">
                        <label class="ct-form-check-label" for="Alpen">
                        Alpen <span class="hit-count">(2)</span>
                        </label>
                        <span class="checkmark"></span>
                        </div>
                        <span class="sr-only selected-assistive-text">
                        Refine by Marcas: Alpen
                        </span>
                        </button>
                        </li>
                        <li class="refinement-value hide-refinement  ">
                        <button data-href="/on/demandware.store/Sites-continente-Site/default/Search-ShowAjax?cgid=mercearias&amp;pmin=0%2e01&amp;prefn1=brand&amp;prefv1=Alsa" class="refinement-btn ">
                        <div class="ct-form-checkbox">
                        <input id="Alsa" type="checkbox" title="">
                        <label class="ct-form-check-label" for="Alsa">
                        Alsa <span class="hit-count">(18)</span>
                        </label>
                        <span class="checkmark"></span>
                        </div>
                        <span class="sr-only selected-assistive-text">
                        Refine by Marcas: Alsa
                        </span>
                        </button>
                        </li>
                        <li class="refinement-value hide-refinement  ">
                        <button data-href="/on/demandware.store/Sites-continente-Site/default/Search-ShowAjax?cgid=mercearias&amp;pmin=0%2e01&amp;prefn1=brand&amp;prefv1=Alva" class="refinement-btn ">
                        <div class="ct-form-checkbox">
                        <input id="Alva" type="checkbox" title="">
                        <label class="ct-form-check-label" for="Alva">
                        Alva <span class="hit-count">(9)</span>
                        </label>
                        <span class="checkmark"></span>
                        </div>
                        <span class="sr-only selected-assistive-text">
                        Refine by Marcas: Alva
                        </span>
                        </button>
                        </li>
                        <li class="refinement-value hide-refinement  ">
                        <button data-href="/on/demandware.store/Sites-continente-Site/default/Search-ShowAjax?cgid=mercearias&amp;pmin=0%2e01&amp;prefn1=brand&amp;prefv1=Amaizin" class="refinement-btn ">
                        <div class="ct-form-checkbox">
                        <input id="Amaizin" type="checkbox" title="">
                        <label class="ct-form-check-label" for="Amaizin">
                        Amaizin <span class="hit-count">(2)</span>
                        </label>
                        <span class="checkmark"></span>
                        </div>
                        <span class="sr-only selected-assistive-text">
                        Refine by Marcas: Amaizin
                        </span>
                        </button>
                        </li>
                        <li class="refinement-value hide-refinement  ">
                        <button data-href="/on/demandware.store/Sites-continente-Site/default/Search-ShowAjax?cgid=mercearias&amp;pmin=0%2e01&amp;prefn1=brand&amp;prefv1=Andros" class="refinement-btn ">
                        <div class="ct-form-checkbox">
                        <input id="Andros" type="checkbox" title="">
                        <label class="ct-form-check-label" for="Andros">
                        Andros <span class="hit-count">(3)</span>
                        </label>
                        <span class="checkmark"></span>
                        </div>
                        <span class="sr-only selected-assistive-text">
                        Refine by Marcas: Andros
                        </span>
                        </button>
                        </li>
                        <li class="refinement-value hide-refinement  ">
                        <button data-href="/on/demandware.store/Sites-continente-Site/default/Search-ShowAjax?cgid=mercearias&amp;pmin=0%2e01&amp;prefn1=brand&amp;prefv1=Anna%27s" class="refinement-btn ">
                        <div class="ct-form-checkbox">
                        <input id="Anna's" type="checkbox" title="">
                        <label class="ct-form-check-label" for="Anna's">
                        Anna's <span class="hit-count">(3)</span>
                        </label>
                        <span class="checkmark"></span>
                        </div>
                        <span class="sr-only selected-assistive-text">
                        Refine by Marcas: Anna's
                        </span>
                        </button>
                        </li>
                        <li class="refinement-value hide-refinement  ">
                        <button data-href="/on/demandware.store/Sites-continente-Site/default/Search-ShowAjax?cgid=mercearias&amp;pmin=0%2e01&amp;prefn1=brand&amp;prefv1=AoSal" class="refinement-btn ">
                        <div class="ct-form-checkbox">
                        <input id="AoSal" type="checkbox" title="">
                        <label class="ct-form-check-label" for="AoSal">
                        AoSal <span class="hit-count">(2)</span>
                        </label>
                        <span class="checkmark"></span>
                        </div>
                        <span class="sr-only selected-assistive-text">
                        Refine by Marcas: AoSal
                        </span>
                        </button>
                        </li>
                        <li class="refinement-value hide-refinement  ">
                        <button data-href="/on/demandware.store/Sites-continente-Site/default/Search-ShowAjax?cgid=mercearias&amp;pmin=0%2e01&amp;prefn1=brand&amp;prefv1=A%20Poveira" class="refinement-btn ">
                        <div class="ct-form-checkbox">
                        <input id="A Poveira" type="checkbox" title="">
                        <label class="ct-form-check-label" for="A Poveira">
                        A Poveira <span class="hit-count">(5)</span>
                        </label>
                        <span class="checkmark"></span>
                        </div>
                        <span class="sr-only selected-assistive-text">
                        Refine by Marcas: A Poveira
                        </span>
                        </button>
                        </li>
                        <li class="refinement-value hide-refinement  ">
                        <button data-href="/on/demandware.store/Sites-continente-Site/default/Search-ShowAjax?cgid=mercearias&amp;pmin=0%2e01&amp;prefn1=brand&amp;prefv1=Aptamil" class="refinement-btn ">
                        <div class="ct-form-checkbox">
                        <input id="Aptamil" type="checkbox" title="">
                        <label class="ct-form-check-label" for="Aptamil">
                        Aptamil <span class="hit-count">(12)</span>
                        </label>
                        <span class="checkmark"></span>
                        </div>
                        <span class="sr-only selected-assistive-text">
                        Refine by Marcas: Aptamil
                        </span>
                        </button>
                        </li>
                        <li class="refinement-value hide-refinement  ">
                        <button data-href="/on/demandware.store/Sites-continente-Site/default/Search-ShowAjax?cgid=mercearias&amp;pmin=0%2e01&amp;prefn1=brand&amp;prefv1=%c3%81rea%20Viva" class="refinement-btn ">
                        <div class="ct-form-checkbox">
                        <input id="Área Viva" type="checkbox" title="">
                        <label class="ct-form-check-label" for="Área Viva">
                        Área Viva <span class="hit-count">(1)</span>
                        </label>
                        <span class="checkmark"></span>
                        </div>
                        <span class="sr-only selected-assistive-text">
                        Refine by Marcas: Área Viva
                        </span>
                        </button>
                        </li>
                        <li class="refinement-value hide-refinement  ">
                        <button data-href="/on/demandware.store/Sites-continente-Site/default/Search-ShowAjax?cgid=mercearias&amp;pmin=0%2e01&amp;prefn1=brand&amp;prefv1=Artiach" class="refinement-btn ">
                        <div class="ct-form-checkbox">
                        <input id="Artiach" type="checkbox" title="">
                        <label class="ct-form-check-label" for="Artiach">
                        Artiach <span class="hit-count">(13)</span>
                        </label>
                        <span class="checkmark"></span>
                        </div>
                        <span class="sr-only selected-assistive-text">
                        Refine by Marcas: Artiach
                        </span>
                        </button>
                        </li>
                        <li class="refinement-value hide-refinement  ">
                        <button data-href="/on/demandware.store/Sites-continente-Site/default/Search-ShowAjax?cgid=mercearias&amp;pmin=0%2e01&amp;prefn1=brand&amp;prefv1=Aurora" class="refinement-btn ">
                        <div class="ct-form-checkbox">
                        <input id="Aurora" type="checkbox" title="">
                        <label class="ct-form-check-label" for="Aurora">
                        Aurora <span class="hit-count">(5)</span>
                        </label>
                        <span class="checkmark"></span>
                        </div>
                        <span class="sr-only selected-assistive-text">
                        Refine by Marcas: Aurora
                        </span>
                        </button>
                        </li>
                        <li class="refinement-value hide-refinement  ">
                        <button data-href="/on/demandware.store/Sites-continente-Site/default/Search-ShowAjax?cgid=mercearias&amp;pmin=0%2e01&amp;prefn1=brand&amp;prefv1=Aveleda" class="refinement-btn ">
                        <div class="ct-form-checkbox">
                        <input id="Aveleda" type="checkbox" title="">
                        <label class="ct-form-check-label" for="Aveleda">
                        Aveleda <span class="hit-count">(6)</span>
                        </label>
                        <span class="checkmark"></span>
                        </div>
                        <span class="sr-only selected-assistive-text">
                        Refine by Marcas: Aveleda
                        </span>
                        </button>
                        </li>
                        <li class="refinement-value hide-refinement  ">
                        <button data-href="/on/demandware.store/Sites-continente-Site/default/Search-ShowAjax?cgid=mercearias&amp;pmin=0%2e01&amp;prefn1=brand&amp;prefv1=Ayam" class="refinement-btn ">
                        <div class="ct-form-checkbox">
                        <input id="Ayam" type="checkbox" title="">
                        <label class="ct-form-check-label" for="Ayam">
                        Ayam <span class="hit-count">(2)</span>
                        </label>
                        <span class="checkmark"></span>
                        </div>
                        <span class="sr-only selected-assistive-text">
                        Refine by Marcas: Ayam
                        </span>
                        </button>
                        </li>
                        <li class="refinement-value hide-refinement  ">
                        <button data-href="/on/demandware.store/Sites-continente-Site/default/Search-ShowAjax?cgid=mercearias&amp;pmin=0%2e01&amp;prefn1=brand&amp;prefv1=Azeitonense" class="refinement-btn ">
                        <div class="ct-form-checkbox">
                        <input id="Azeitonense" type="checkbox" title="">
                        <label class="ct-form-check-label" for="Azeitonense">
                        Azeitonense <span class="hit-count">(2)</span>
                        </label>
                        <span class="checkmark"></span>
                        </div>
                        <span class="sr-only selected-assistive-text">
                        Refine by Marcas: Azeitonense
                        </span>
                        </button>
                        </li>
                        <li class="refinement-value hide-refinement  ">
                        <button data-href="/on/demandware.store/Sites-continente-Site/default/Search-ShowAjax?cgid=mercearias&amp;pmin=0%2e01&amp;prefn1=brand&amp;prefv1=Baci" class="refinement-btn ">
                        <div class="ct-form-checkbox">
                        <input id="Baci" type="checkbox" title="">
                        <label class="ct-form-check-label" for="Baci">
                        Baci <span class="hit-count">(3)</span>
                        </label>
                        <span class="checkmark"></span>
                        </div>
                        <span class="sr-only selected-assistive-text">
                        Refine by Marcas: Baci
                        </span>
                        </button>
                        </li>
                        <li class="refinement-value hide-refinement  ">
                        <button data-href="/on/demandware.store/Sites-continente-Site/default/Search-ShowAjax?cgid=mercearias&amp;pmin=0%2e01&amp;prefn1=brand&amp;prefv1=Bahlsen" class="refinement-btn ">
                        <div class="ct-form-checkbox">
                        <input id="Bahlsen" type="checkbox" title="">
                        <label class="ct-form-check-label" for="Bahlsen">
                        Bahlsen <span class="hit-count">(5)</span>
                        </label>
                        <span class="checkmark"></span>
                        </div>
                        <span class="sr-only selected-assistive-text">
                        Refine by Marcas: Bahlsen
                        </span>
                        </button>
                        </li>
                        <li class="refinement-value hide-refinement  ">
                        <button data-href="/on/demandware.store/Sites-continente-Site/default/Search-ShowAjax?cgid=mercearias&amp;pmin=0%2e01&amp;prefn1=brand&amp;prefv1=Barilla" class="refinement-btn ">
                        <div class="ct-form-checkbox">
                        <input id="Barilla" type="checkbox" title="">
                        <label class="ct-form-check-label" for="Barilla">
                        Barilla <span class="hit-count">(18)</span>
                        </label>
                        <span class="checkmark"></span>
                        </div>
                        <span class="sr-only selected-assistive-text">
                        Refine by Marcas: Barilla
                        </span>
                        </button>
                        </li>
                        <li class="refinement-value hide-refinement  ">
                        <button data-href="/on/demandware.store/Sites-continente-Site/default/Search-ShowAjax?cgid=mercearias&amp;pmin=0%2e01&amp;prefn1=brand&amp;prefv1=Barnhouse" class="refinement-btn ">
                        <div class="ct-form-checkbox">
                        <input id="Barnhouse" type="checkbox" title="">
                        <label class="ct-form-check-label" for="Barnhouse">
                        Barnhouse <span class="hit-count">(2)</span>
                        </label>
                        <span class="checkmark"></span>
                        </div>
                        <span class="sr-only selected-assistive-text">
                        Refine by Marcas: Barnhouse
                        </span>
                        </button>
                        </li>
                        <li class="refinement-value hide-refinement  ">
                        <button data-href="/on/demandware.store/Sites-continente-Site/default/Search-ShowAjax?cgid=mercearias&amp;pmin=0%2e01&amp;prefn1=brand&amp;prefv1=Becken" class="refinement-btn ">
                        <div class="ct-form-checkbox">
                        <input id="Becken" type="checkbox" title="">
                        <label class="ct-form-check-label" for="Becken">
                        Becken <span class="hit-count">(1)</span>
                        </label>
                        <span class="checkmark"></span>
                        </div>
                        <span class="sr-only selected-assistive-text">
                        Refine by Marcas: Becken
                        </span>
                        </button>
                        </li>
                        <li class="refinement-value hide-refinement  ">
                        <button data-href="/on/demandware.store/Sites-continente-Site/default/Search-ShowAjax?cgid=mercearias&amp;pmin=0%2e01&amp;prefn1=brand&amp;prefv1=Beir%c3%a3o" class="refinement-btn ">
                        <div class="ct-form-checkbox">
                        <input id="Beirão" type="checkbox" title="">
                        <label class="ct-form-check-label" for="Beirão">
                        Beirão <span class="hit-count">(1)</span>
                        </label>
                        <span class="checkmark"></span>
                        </div>
                        <span class="sr-only selected-assistive-text">
                        
                        Refine by Marcas: Beirão
                        </span>
                        </button>
                        </li>
                        <li class="refinement-value hide-refinement  ">
                        <button data-href="/on/demandware.store/Sites-continente-Site/default/Search-ShowAjax?cgid=mercearias&amp;pmin=0%2e01&amp;prefn1=brand&amp;prefv1=Be-Kind" class="refinement-btn ">
                        <div class="ct-form-checkbox">
                        <input id="Be-Kind" type="checkbox" title="">
                        <label class="ct-form-check-label" for="Be-Kind">
                        Be-Kind <span class="hit-count">(7)</span>
                        </label>
                        <span class="checkmark"></span>
                        </div>
                        <span class="sr-only selected-assistive-text">
                        Refine by Marcas: Be-Kind
                        </span>
                        </button>
                        </li>
                        <li class="refinement-value hide-refinement  ">
                        <button data-href="/on/demandware.store/Sites-continente-Site/default/Search-ShowAjax?cgid=mercearias&amp;pmin=0%2e01&amp;prefn1=brand&amp;prefv1=Bella%20Holandesa" class="refinement-btn ">
                        <div class="ct-form-checkbox">
                        <input id="Bella Holandesa" type="checkbox" title="">
                        <label class="ct-form-check-label" for="Bella Holandesa">
                        Bella Holandesa <span class="hit-count">(1)</span>
                        </label>
                        <span class="checkmark"></span>
                        </div>
                        <span class="sr-only selected-assistive-text">
                        Refine by Marcas: Bella Holandesa
                        </span>
                        </button>
                        </li>
                        <li class="refinement-value hide-refinement  ">
                        <button data-href="/on/demandware.store/Sites-continente-Site/default/Search-ShowAjax?cgid=mercearias&amp;pmin=0%2e01&amp;prefn1=brand&amp;prefv1=Belleville" class="refinement-btn ">
                        <div class="ct-form-checkbox">
                        <input id="Belleville" type="checkbox" title="">
                        <label class="ct-form-check-label" for="Belleville">
                        Belleville <span class="hit-count">(1)</span>
                        </label>
                        <span class="checkmark"></span>
                        </div>
                        <span class="sr-only selected-assistive-text">
                        Refine by Marcas: Belleville
                        </span>
                        </button>
                        </li>
                        <li class="refinement-value hide-refinement  ">
                        <button data-href="/on/demandware.store/Sites-continente-Site/default/Search-ShowAjax?cgid=mercearias&amp;pmin=0%2e01&amp;prefn1=brand&amp;prefv1=Bellissimo" class="refinement-btn ">
                        <div class="ct-form-checkbox">
                        <input id="Bellissimo" type="checkbox" title="">
                        <label class="ct-form-check-label" for="Bellissimo">
                        Bellissimo <span class="hit-count">(5)</span>
                        </label>
                        <span class="checkmark"></span>
                        </div>
                        <span class="sr-only selected-assistive-text">
                        Refine by Marcas: Bellissimo
                        </span>
                        </button>
                        </li>
                        <li class="refinement-value hide-refinement  ">
                        <button data-href="/on/demandware.store/Sites-continente-Site/default/Search-ShowAjax?cgid=mercearias&amp;pmin=0%2e01&amp;prefn1=brand&amp;prefv1=Belvita" class="refinement-btn ">
                        <div class="ct-form-checkbox">
                        <input id="Belvita" type="checkbox" title="">
                        <label class="ct-form-check-label" for="Belvita">
                        Belvita <span class="hit-count">(14)</span>
                        </label>
                        <span class="checkmark"></span>
                        </div>
                        <span class="sr-only selected-assistive-text">
                        Refine by Marcas: Belvita
                        </span>
                        </button>
                        </li>
                        <li class="refinement-value hide-refinement  ">
                        <button data-href="/on/demandware.store/Sites-continente-Site/default/Search-ShowAjax?cgid=mercearias&amp;pmin=0%2e01&amp;prefn1=brand&amp;prefv1=Bem%20Me%20Quer" class="refinement-btn ">
                        <div class="ct-form-checkbox">
                        <input id="Bem Me Quer" type="checkbox" title="">
                        <label class="ct-form-check-label" for="Bem Me Quer">
                        Bem Me Quer <span class="hit-count">(5)</span>
                        </label>
                        <span class="checkmark"></span>
                        </div>
                        <span class="sr-only selected-assistive-text">
                        Refine by Marcas: Bem Me Quer
                        </span>
                        </button>
                        </li>
                        <li class="refinement-value hide-refinement  ">
                        <button data-href="/on/demandware.store/Sites-continente-Site/default/Search-ShowAjax?cgid=mercearias&amp;pmin=0%2e01&amp;prefn1=brand&amp;prefv1=Bicentury" class="refinement-btn ">
                        <div class="ct-form-checkbox">
                        <input id="Bicentury" type="checkbox" title="">
                        <label class="ct-form-check-label" for="Bicentury">
                        Bicentury <span class="hit-count">(31)</span>
                        </label>
                        <span class="checkmark"></span>
                        </div>
                        <span class="sr-only selected-assistive-text">
                        Refine by Marcas: Bicentury
                        </span>
                        </button>
                        </li>
                        <li class="refinement-value hide-refinement  ">
                        <button data-href="/on/demandware.store/Sites-continente-Site/default/Search-ShowAjax?cgid=mercearias&amp;pmin=0%2e01&amp;prefn1=brand&amp;prefv1=Bimbo" class="refinement-btn ">
                        <div class="ct-form-checkbox">
                        <input id="Bimbo" type="checkbox" title="">
                        <label class="ct-form-check-label" for="Bimbo">
                        Bimbo <span class="hit-count">(8)</span>
                        </label>
                        <span class="checkmark"></span>
                        </div>
                        <span class="sr-only selected-assistive-text">
                        Refine by Marcas: Bimbo
                        </span>
                        </button>
                        </li>
                        <li class="refinement-value hide-refinement  ">
                        <button data-href="/on/demandware.store/Sites-continente-Site/default/Search-ShowAjax?cgid=mercearias&amp;pmin=0%2e01&amp;prefn1=brand&amp;prefv1=BioBon" class="refinement-btn ">
                        <div class="ct-form-checkbox">
                        <input id="BioBon" type="checkbox" title="">
                        <label class="ct-form-check-label" for="BioBon">
                        BioBon <span class="hit-count">(2)</span>
                        </label>
                        <span class="checkmark"></span>
                        </div>
                        <span class="sr-only selected-assistive-text">
                        Refine by Marcas: BioBon
                        </span>
                        </button>
                        </li>
                        <li class="refinement-value hide-refinement  ">
                        <button data-href="/on/demandware.store/Sites-continente-Site/default/Search-ShowAjax?cgid=mercearias&amp;pmin=0%2e01&amp;prefn1=brand&amp;prefv1=Bit%20Break" class="refinement-btn ">
                        <div class="ct-form-checkbox">
                        <input id="Bit Break" type="checkbox" title="">
                        <label class="ct-form-check-label" for="Bit Break">
                        Bit Break <span class="hit-count">(3)</span>
                        </label>
                        <span class="checkmark"></span>
                        </div>
                        <span class="sr-only selected-assistive-text">
                        Refine by Marcas: Bit Break
                        </span>
                        </button>
                        </li>
                        <li class="refinement-value hide-refinement  ">
                        <button data-href="/on/demandware.store/Sites-continente-Site/default/Search-ShowAjax?cgid=mercearias&amp;pmin=0%2e01&amp;prefn1=brand&amp;prefv1=Bites%20Freeness" class="refinement-btn ">
                        <div class="ct-form-checkbox">
                        <input id="Bites Freeness" type="checkbox" title="">
                        <label class="ct-form-check-label" for="Bites Freeness">
                        Bites Freeness <span class="hit-count">(3)</span>
                        </label>
                        <span class="checkmark"></span>
                        </div>
                        <span class="sr-only selected-assistive-text">
                        Refine by Marcas: Bites Freeness
                        </span>
                        </button>
                        </li>
                        
                        <li class="refinement-value hide-refinement  ">
                        <button data-href="/on/demandware.store/Sites-continente-Site/default/Search-ShowAjax?cgid=mercearias&amp;pmin=0%2e01&amp;prefn1=brand&amp;prefv1=Bjorg" class="refinement-btn ">
                        <div class="ct-form-checkbox">
                        <input id="Bjorg" type="checkbox" title="">
                        <label class="ct-form-check-label" for="Bjorg">
                        Bjorg <span class="hit-count">(5)</span>
                        </label>
                        <span class="checkmark"></span>
                        </div>
                        <span class="sr-only selected-assistive-text">
                        Refine by Marcas: Bjorg
                        </span>
                        </button>
                        </li>
                        <li class="refinement-value hide-refinement  ">
                        <button data-href="/on/demandware.store/Sites-continente-Site/default/Search-ShowAjax?cgid=mercearias&amp;pmin=0%2e01&amp;prefn1=brand&amp;prefv1=Bl%c3%a9dina" class="refinement-btn ">
                        <div class="ct-form-checkbox">
                        <input id="Blédina" type="checkbox" title="">
                        <label class="ct-form-check-label" for="Blédina">
                        Blédina <span class="hit-count">(38)</span>
                        </label>
                        <span class="checkmark"></span>
                        </div>
                        <span class="sr-only selected-assistive-text">
                        Refine by Marcas: Blédina
                        </span>
                        </button>
                        </li>
                        <li class="refinement-value hide-refinement  ">
                        <button data-href="/on/demandware.store/Sites-continente-Site/default/Search-ShowAjax?cgid=mercearias&amp;pmin=0%2e01&amp;prefn1=brand&amp;prefv1=Blue%20Dragon" class="refinement-btn ">
                        <div class="ct-form-checkbox">
                        <input id="Blue Dragon" type="checkbox" title="">
                        <label class="ct-form-check-label" for="Blue Dragon">
                        Blue Dragon <span class="hit-count">(18)</span>
                        </label>
                        <span class="checkmark"></span>
                        </div>
                        <span class="sr-only selected-assistive-text">
                        Refine by Marcas: Blue Dragon
                        </span>
                        </button>
                        </li>
                        <li class="refinement-value hide-refinement  ">
                        <button data-href="/on/demandware.store/Sites-continente-Site/default/Search-ShowAjax?cgid=mercearias&amp;pmin=0%2e01&amp;prefn1=brand&amp;prefv1=Boca%20Doce" class="refinement-btn ">
                        <div class="ct-form-checkbox">
                        <input id="Boca Doce" type="checkbox" title="">
                        <label class="ct-form-check-label" for="Boca Doce">
                        Boca Doce <span class="hit-count">(5)</span>
                        </label>
                        <span class="checkmark"></span>
                        </div>
                        <span class="sr-only selected-assistive-text">
                        Refine by Marcas: Boca Doce
                        </span>
                        </button>
                        </li>
                        <li class="refinement-value hide-refinement  ">
                        <button data-href="/on/demandware.store/Sites-continente-Site/default/Search-ShowAjax?cgid=mercearias&amp;pmin=0%2e01&amp;prefn1=brand&amp;prefv1=Bold" class="refinement-btn ">
                        <div class="ct-form-checkbox">
                        <input id="Bold" type="checkbox" title="">
                        <label class="ct-form-check-label" for="Bold">
                        Bold <span class="hit-count">(3)</span>
                        </label>
                        <span class="checkmark"></span>
                        </div>
                        <span class="sr-only selected-assistive-text">
                        Refine by Marcas: Bold
                        </span>
                        </button>
                        </li>
                        <li class="refinement-value hide-refinement  ">
                        <button data-href="/on/demandware.store/Sites-continente-Site/default/Search-ShowAjax?cgid=mercearias&amp;pmin=0%2e01&amp;prefn1=brand&amp;prefv1=Bolero" class="refinement-btn ">
                        <div class="ct-form-checkbox">
                        <input id="Bolero" type="checkbox" title="">
                        <label class="ct-form-check-label" for="Bolero">
                        Bolero <span class="hit-count">(1)</span>
                        </label>
                        <span class="checkmark"></span>
                        </div>
                        <span class="sr-only selected-assistive-text">
                        Refine by Marcas: Bolero
                        </span>
                        </button>
                        </li>
                        <li class="refinement-value hide-refinement  ">
                        <button data-href="/on/demandware.store/Sites-continente-Site/default/Search-ShowAjax?cgid=mercearias&amp;pmin=0%2e01&amp;prefn1=brand&amp;prefv1=Bolina" class="refinement-btn ">
                        <div class="ct-form-checkbox">
                        <input id="Bolina" type="checkbox" title="">
                        <label class="ct-form-check-label" for="Bolina">
                        Bolina <span class="hit-count">(9)</span>
                        </label>
                        <span class="checkmark"></span>
                        </div>
                        <span class="sr-only selected-assistive-text">
                        Refine by Marcas: Bolina
                        </span>
                        </button>
                        </li>
                        <li class="refinement-value hide-refinement  ">
                        <button data-href="/on/demandware.store/Sites-continente-Site/default/Search-ShowAjax?cgid=mercearias&amp;pmin=0%2e01&amp;prefn1=brand&amp;prefv1=Bollycao" class="refinement-btn ">
                        <div class="ct-form-checkbox">
                        <input id="Bollycao" type="checkbox" title="">
                        <label class="ct-form-check-label" for="Bollycao">
                        Bollycao <span class="hit-count">(7)</span>
                        </label>
                        <span class="checkmark"></span>
                        </div>
                        <span class="sr-only selected-assistive-text">
                        Refine by Marcas: Bollycao
                        </span>
                        </button>
                        </li>
                        <li class="refinement-value hide-refinement  ">
                        <button data-href="/on/demandware.store/Sites-continente-Site/default/Search-ShowAjax?cgid=mercearias&amp;pmin=0%2e01&amp;prefn1=brand&amp;prefv1=Bom%20Petisco" class="refinement-btn ">
                        <div class="ct-form-checkbox">
                        <input id="Bom Petisco" type="checkbox" title="">
                        <label class="ct-form-check-label" for="Bom Petisco">
                        Bom Petisco <span class="hit-count">(25)</span>
                        </label>
                        <span class="checkmark"></span>
                        </div>
                        <span class="sr-only selected-assistive-text">
                        Refine by Marcas: Bom Petisco
                        </span>
                        </button>
                        </li>
                        <li class="refinement-value hide-refinement  ">
                        <button data-href="/on/demandware.store/Sites-continente-Site/default/Search-ShowAjax?cgid=mercearias&amp;pmin=0%2e01&amp;prefn1=brand&amp;prefv1=Bom%20Sucesso" class="refinement-btn ">
                        <div class="ct-form-checkbox">
                        <input id="Bom Sucesso" type="checkbox" title="">
                        <label class="ct-form-check-label" for="Bom Sucesso">
                        Bom Sucesso <span class="hit-count">(5)</span>
                        </label>
                        <span class="checkmark"></span>
                        </div>
                        <span class="sr-only selected-assistive-text">
                        Refine by Marcas: Bom Sucesso
                        </span>
                        </button>
                        </li>
                        <li class="refinement-value hide-refinement  ">
                        <button data-href="/on/demandware.store/Sites-continente-Site/default/Search-ShowAjax?cgid=mercearias&amp;pmin=0%2e01&amp;prefn1=brand&amp;prefv1=Bonduelle" class="refinement-btn ">
                        <div class="ct-form-checkbox">
                        <input id="Bonduelle" type="checkbox" title="">
                        <label class="ct-form-check-label" for="Bonduelle">
                        Bonduelle <span class="hit-count">(16)</span>
                        </label>
                        <span class="checkmark"></span>
                        </div>
                        <span class="sr-only selected-assistive-text">
                        Refine by Marcas: Bonduelle
                        </span>
                        </button>
                        </li>
                        <li class="refinement-value hide-refinement  ">
                        <button data-href="/on/demandware.store/Sites-continente-Site/default/Search-ShowAjax?cgid=mercearias&amp;pmin=0%2e01&amp;prefn1=brand&amp;prefv1=Bonne%20Maman" class="refinement-btn ">
                        <div class="ct-form-checkbox">
                        <input id="Bonne Maman" type="checkbox" title="">
                        <label class="ct-form-check-label" for="Bonne Maman">
                        Bonne Maman <span class="hit-count">(6)</span>
                        </label>
                        <span class="checkmark"></span>
                        </div>
                        <span class="sr-only selected-assistive-text">
                        Refine by Marcas: Bonne Maman
                        </span>
                        </button>
                        </li>
                        <li class="refinement-value hide-refinement  ">
                        <button data-href="/on/demandware.store/Sites-continente-Site/default/Search-ShowAjax?cgid=mercearias&amp;pmin=0%2e01&amp;prefn1=brand&amp;prefv1=Bop" class="refinement-btn ">
                        <div class="ct-form-checkbox">
                        <input id="Bop" type="checkbox" title="">
                        <label class="ct-form-check-label" for="Bop">
                        Bop <span class="hit-count">(3)</span>
                        </label>
                        <span class="checkmark"></span>
                        </div>
                        <span class="sr-only selected-assistive-text">
                        Refine by Marcas: Bop
                        </span>
                        </button>
                        </li>
                        <li class="refinement-value hide-refinement  ">
                        <button data-href="/on/demandware.store/Sites-continente-Site/default/Search-ShowAjax?cgid=mercearias&amp;pmin=0%2e01&amp;prefn1=brand&amp;prefv1=Bounty" class="refinement-btn ">
                        <div class="ct-form-checkbox">
                        <input id="Bounty" type="checkbox" title="">
                        <label class="ct-form-check-label" for="Bounty">
                        Bounty <span class="hit-count">(4)</span>
                        </label>
                        <span class="checkmark"></span>
                        </div>
                        <span class="sr-only selected-assistive-text">
                        Refine by Marcas: Bounty
                        </span>
                        </button>
                        </li>
                        <li class="refinement-value hide-refinement  ">
                        <button data-href="/on/demandware.store/Sites-continente-Site/default/Search-ShowAjax?cgid=mercearias&amp;pmin=0%2e01&amp;prefn1=brand&amp;prefv1=Branca%20de%20Neve" class="refinement-btn ">
                        <div class="ct-form-checkbox">
                        <input id="Branca de Neve" type="checkbox" title="">
                        <label class="ct-form-check-label" for="Branca de Neve">
                        Branca de Neve <span class="hit-count">(18)</span>
                        </label>
                        <span class="checkmark"></span>
                        </div>
                        <span class="sr-only selected-assistive-text">
                        Refine by Marcas: Branca de Neve
                        </span>
                        </button>
                        </li>
                        <li class="refinement-value hide-refinement  ">
                        <button data-href="/on/demandware.store/Sites-continente-Site/default/Search-ShowAjax?cgid=mercearias&amp;pmin=0%2e01&amp;prefn1=brand&amp;prefv1=Brasa" class="refinement-btn ">
                        <div class="ct-form-checkbox">
                        <input id="Brasa" type="checkbox" title="">
                        <label class="ct-form-check-label" for="Brasa">
                        Brasa <span class="hit-count">(1)</span>
                        </label>
                        <span class="checkmark"></span>
                        </div>
                        <span class="sr-only selected-assistive-text">
                        Refine by Marcas: Brasa
                        </span>
                        </button>
                        </li>
                        <li class="refinement-value hide-refinement  ">
                        <button data-href="/on/demandware.store/Sites-continente-Site/default/Search-ShowAjax?cgid=mercearias&amp;pmin=0%2e01&amp;prefn1=brand&amp;prefv1=Brioche%20Pasquier" class="refinement-btn ">
                        <div class="ct-form-checkbox">
                        <input id="Brioche Pasquier" type="checkbox" title="">
                        <label class="ct-form-check-label" for="Brioche Pasquier">
                        Brioche Pasquier <span class="hit-count">(5)</span>
                        </label>
                        <span class="checkmark"></span>
                        </div>
                        <span class="sr-only selected-assistive-text">
                        Refine by Marcas: Brioche Pasquier
                        </span>
                        </button>
                        </li>
                        <li class="refinement-value hide-refinement  ">
                        <button data-href="/on/demandware.store/Sites-continente-Site/default/Search-ShowAjax?cgid=mercearias&amp;pmin=0%2e01&amp;prefn1=brand&amp;prefv1=Bubbaloo" class="refinement-btn ">
                        <div class="ct-form-checkbox">
                        <input id="Bubbaloo" type="checkbox" title="">
                        <label class="ct-form-check-label" for="Bubbaloo">
                        Bubbaloo <span class="hit-count">(1)</span>
                        </label>
                        <span class="checkmark"></span>
                        </div>
                        <span class="sr-only selected-assistive-text">
                        Refine by Marcas: Bubbaloo
                        </span>
                        </button>
                        </li>
                        <li class="refinement-value hide-refinement  ">
                        <button data-href="/on/demandware.store/Sites-continente-Site/default/Search-ShowAjax?cgid=mercearias&amp;pmin=0%2e01&amp;prefn1=brand&amp;prefv1=Buitoni" class="refinement-btn ">
                        <div class="ct-form-checkbox">
                        <input id="Buitoni" type="checkbox" title="">
                        <label class="ct-form-check-label" for="Buitoni">
                        Buitoni <span class="hit-count">(9)</span>
                        </label>
                        <span class="checkmark"></span>
                        </div>
                        <span class="sr-only selected-assistive-text">
                        Refine by Marcas: Buitoni
                        </span>
                        </button>
                        </li>
                        <li class="refinement-value hide-refinement  ">
                        <button data-href="/on/demandware.store/Sites-continente-Site/default/Search-ShowAjax?cgid=mercearias&amp;pmin=0%2e01&amp;prefn1=brand&amp;prefv1=Buondi" class="refinement-btn ">
                        <div class="ct-form-checkbox">
                        <input id="Buondi" type="checkbox" title="">
                        <label class="ct-form-check-label" for="Buondi">
                        Buondi <span class="hit-count">(13)</span>
                        </label>
                        <span class="checkmark"></span>
                        </div>
                        <span class="sr-only selected-assistive-text">
                        Refine by Marcas: Buondi
                        </span>
                        </button>
                        </li>
                        <li class="refinement-value hide-refinement  ">
                        <button data-href="/on/demandware.store/Sites-continente-Site/default/Search-ShowAjax?cgid=mercearias&amp;pmin=0%2e01&amp;prefn1=brand&amp;prefv1=Ca%c3%a7arola" class="refinement-btn ">
                        <div class="ct-form-checkbox">
                        <input id="Caçarola" type="checkbox" title="">
                        <label class="ct-form-check-label" for="Caçarola">
                        Caçarola <span class="hit-count">(34)</span>
                        </label>
                        <span class="checkmark"></span>
                        </div>
                        <span class="sr-only selected-assistive-text">
                        Refine by Marcas: Caçarola
                        </span>
                        </button>
                        </li>
                        <li class="refinement-value hide-refinement  ">
                        <button data-href="/on/demandware.store/Sites-continente-Site/default/Search-ShowAjax?cgid=mercearias&amp;pmin=0%2e01&amp;prefn1=brand&amp;prefv1=Cadbury" class="refinement-btn ">
                        <div class="ct-form-checkbox">
                        <input id="Cadbury" type="checkbox" title="">
                        <label class="ct-form-check-label" for="Cadbury">
                        Cadbury <span class="hit-count">(14)</span>
                        </label>
                        <span class="checkmark"></span>
                        </div>
                        <span class="sr-only selected-assistive-text">
                        Refine by Marcas: Cadbury
                        </span>
                        </button>
                        </li>
                        <li class="refinement-value hide-refinement  ">
                        <button data-href="/on/demandware.store/Sites-continente-Site/default/Search-ShowAjax?cgid=mercearias&amp;pmin=0%2e01&amp;prefn1=brand&amp;prefv1=Caffarel" class="refinement-btn ">
                        <div class="ct-form-checkbox">
                        <input id="Caffarel" type="checkbox" title="">
                        <label class="ct-form-check-label" for="Caffarel">
                        Caffarel <span class="hit-count">(4)</span>
                        </label>
                        <span class="checkmark"></span>
                        </div>
                        <span class="sr-only selected-assistive-text">
                        Refine by Marcas: Caffarel
                        </span>
                        </button>
                        </li>
                        <li class="refinement-value hide-refinement  ">
                        <button data-href="/on/demandware.store/Sites-continente-Site/default/Search-ShowAjax?cgid=mercearias&amp;pmin=0%2e01&amp;prefn1=brand&amp;prefv1=Calv%c3%a9" class="refinement-btn ">
                        <div class="ct-form-checkbox">
                        <input id="Calvé" type="checkbox" title="">
                        <label class="ct-form-check-label" for="Calvé">
                        Calvé <span class="hit-count">(23)</span>
                        </label>
                        <span class="checkmark"></span>
                        </div>
                        <span class="sr-only selected-assistive-text">
                        Refine by Marcas: Calvé
                        </span>
                        </button>
                        </li>
                        <li class="refinement-value hide-refinement  ">
                        <button data-href="/on/demandware.store/Sites-continente-Site/default/Search-ShowAjax?cgid=mercearias&amp;pmin=0%2e01&amp;prefn1=brand&amp;prefv1=Campofrio" class="refinement-btn ">
                        <div class="ct-form-checkbox">
                        <input id="Campofrio" type="checkbox" title="">
                        <label class="ct-form-check-label" for="Campofrio">
                        Campofrio <span class="hit-count">(1)</span>
                        </label>
                        <span class="checkmark"></span>
                        </div>
                        <span class="sr-only selected-assistive-text">
                        Refine by Marcas: Campofrio
                        </span>
                        </button>
                        </li>
                        <li class="refinement-value hide-refinement  ">
                        <button data-href="/on/demandware.store/Sites-continente-Site/default/Search-ShowAjax?cgid=mercearias&amp;pmin=0%2e01&amp;prefn1=brand&amp;prefv1=Canderel" class="refinement-btn ">
                        <div class="ct-form-checkbox">
                        <input id="Canderel" type="checkbox" title="">
                        <label class="ct-form-check-label" for="Canderel">
                        Canderel <span class="hit-count">(15)</span>
                        </label>
                        <span class="checkmark"></span>
                        </div>
                        <span class="sr-only selected-assistive-text">
                        Refine by Marcas: Canderel
                        </span>
                        </button>
                        </li>
                        <li class="refinement-value hide-refinement  ">
                        <button data-href="/on/demandware.store/Sites-continente-Site/default/Search-ShowAjax?cgid=mercearias&amp;pmin=0%2e01&amp;prefn1=brand&amp;prefv1=Capdevila" class="refinement-btn ">
                        <div class="ct-form-checkbox">
                        <input id="Capdevila" type="checkbox" title="">
                        <label class="ct-form-check-label" for="Capdevila">
                        Capdevila <span class="hit-count">(5)</span>
                        </label>
                        <span class="checkmark"></span>
                        </div>
                        <span class="sr-only selected-assistive-text">
                        Refine by Marcas: Capdevila
                        </span>
                        </button>
                        </li>
                        <li class="refinement-value hide-refinement  ">
                        <button data-href="/on/demandware.store/Sites-continente-Site/default/Search-ShowAjax?cgid=mercearias&amp;pmin=0%2e01&amp;prefn1=brand&amp;prefv1=Capdevila%20Exquisite" class="refinement-btn ">
                        <div class="ct-form-checkbox">
                        <input id="Capdevila Exquisite" type="checkbox" title="">
                        <label class="ct-form-check-label" for="Capdevila Exquisite">
                        Capdevila Exquisite <span class="hit-count">(3)</span>
                        </label>
                        <span class="checkmark"></span>
                        </div>
                        <span class="sr-only selected-assistive-text">
                        Refine by Marcas: Capdevila Exquisite
                        </span>
                        </button>
                        </li>
                        <li class="refinement-value hide-refinement  ">
                        <button data-href="/on/demandware.store/Sites-continente-Site/default/Search-ShowAjax?cgid=mercearias&amp;pmin=0%2e01&amp;prefn1=brand&amp;prefv1=Carm" class="refinement-btn ">
                        <div class="ct-form-checkbox">
                        <input id="Carm" type="checkbox" title="">
                        <label class="ct-form-check-label" for="Carm">
                        Carm <span class="hit-count">(2)</span>
                        </label>
                        <span class="checkmark"></span>
                        </div>
                        <span class="sr-only selected-assistive-text">
                        Refine by Marcas: Carm
                        </span>
                        </button>
                        </li>
                        <li class="refinement-value hide-refinement  ">
                        <button data-href="/on/demandware.store/Sites-continente-Site/default/Search-ShowAjax?cgid=mercearias&amp;pmin=0%2e01&amp;prefn1=brand&amp;prefv1=Carr%27s" class="refinement-btn ">
                        <div class="ct-form-checkbox">
                        <input id="Carr's" type="checkbox" title="">
                        <label class="ct-form-check-label" for="Carr's">
                        Carr's <span class="hit-count">(1)</span>
                        </label>
                        <span class="checkmark"></span>
                        </div>
                        <span class="sr-only selected-assistive-text">
                        Refine by Marcas: Carr's
                        </span>
                        </button>
                        </li>
                        <li class="refinement-value hide-refinement  ">
                        <button data-href="/on/demandware.store/Sites-continente-Site/default/Search-ShowAjax?cgid=mercearias&amp;pmin=0%2e01&amp;prefn1=brand&amp;prefv1=Casa%20de%20Mateus" class="refinement-btn ">
                        <div class="ct-form-checkbox">
                        <input id="Casa de Mateus" type="checkbox" title="">
                        <label class="ct-form-check-label" for="Casa de Mateus">
                        Casa de Mateus <span class="hit-count">(18)</span>
                        </label>
                        <span class="checkmark"></span>
                        </div>
                        <span class="sr-only selected-assistive-text">
                        Refine by Marcas: Casa de Mateus
                        </span>
                        </button>
                        </li>
                        <li class="refinement-value hide-refinement  ">
                        <button data-href="/on/demandware.store/Sites-continente-Site/default/Search-ShowAjax?cgid=mercearias&amp;pmin=0%2e01&amp;prefn1=brand&amp;prefv1=Casa%20Milo" class="refinement-btn ">
                        <div class="ct-form-checkbox">
                        <input id="Casa Milo" type="checkbox" title="">
                        <label class="ct-form-check-label" for="Casa Milo">
                        Casa Milo <span class="hit-count">(1)</span>
                        </label>
                        <span class="checkmark"></span>
                        </div>
                        <span class="sr-only selected-assistive-text">
                        Refine by Marcas: Casa Milo
                        </span>
                        </button>
                        </li>
                        <li class="refinement-value hide-refinement  ">
                        <button data-href="/on/demandware.store/Sites-continente-Site/default/Search-ShowAjax?cgid=mercearias&amp;pmin=0%2e01&amp;prefn1=brand&amp;prefv1=Casa%20Pontinha" class="refinement-btn ">
                        <div class="ct-form-checkbox">
                        <input id="Casa Pontinha" type="checkbox" title="">
                        <label class="ct-form-check-label" for="Casa Pontinha">
                        Casa Pontinha <span class="hit-count">(3)</span>
                        </label>
                        <span class="checkmark"></span>
                        </div>
                        <span class="sr-only selected-assistive-text">
                        Refine by Marcas: Casa Pontinha
                        </span>
                        </button>
                        </li>
                        <li class="refinement-value hide-refinement  ">
                        <button data-href="/on/demandware.store/Sites-continente-Site/default/Search-ShowAjax?cgid=mercearias&amp;pmin=0%2e01&amp;prefn1=brand&amp;prefv1=Casa%20Santo%20Amaro" class="refinement-btn ">
                        <div class="ct-form-checkbox">
                        <input id="Casa Santo Amaro" type="checkbox" title="">
                        <label class="ct-form-check-label" for="Casa Santo Amaro">
                        Casa Santo Amaro <span class="hit-count">(1)</span>
                        </label>
                        <span class="checkmark"></span>
                        </div>
                        <span class="sr-only selected-assistive-text">
                        Refine by Marcas: Casa Santo Amaro
                        </span>
                        </button>
                        </li>
                        <li class="refinement-value hide-refinement  ">
                        <button data-href="/on/demandware.store/Sites-continente-Site/default/Search-ShowAjax?cgid=mercearias&amp;pmin=0%2e01&amp;prefn1=brand&amp;prefv1=Celebrations" class="refinement-btn ">
                        <div class="ct-form-checkbox">
                        <input id="Celebrations" type="checkbox" title="">
                        <label class="ct-form-check-label" for="Celebrations">
                        Celebrations <span class="hit-count">(1)</span>
                        </label>
                        <span class="checkmark"></span>
                        </div>
                        <span class="sr-only selected-assistive-text">
                        Refine by Marcas: Celebrations
                        </span>
                        </button>
                        </li>
                        <li class="refinement-value hide-refinement  ">
                        <button data-href="/on/demandware.store/Sites-continente-Site/default/Search-ShowAjax?cgid=mercearias&amp;pmin=0%2e01&amp;prefn1=brand&amp;prefv1=Cemoi" class="refinement-btn ">
                        <div class="ct-form-checkbox">
                        <input id="Cemoi" type="checkbox" title="">
                        <label class="ct-form-check-label" for="Cemoi">
                        Cemoi <span class="hit-count">(4)</span>
                        </label>
                        <span class="checkmark"></span>
                        </div>
                        <span class="sr-only selected-assistive-text">
                        Refine by Marcas: Cemoi
                        </span>
                        </button>
                        </li>
                        <li class="refinement-value hide-refinement  ">
                        <button data-href="/on/demandware.store/Sites-continente-Site/default/Search-ShowAjax?cgid=mercearias&amp;pmin=0%2e01&amp;prefn1=brand&amp;prefv1=Cem%20Porcento" class="refinement-btn ">
                        <div class="ct-form-checkbox">
                        <input id="Cem Porcento" type="checkbox" title="">
                        <label class="ct-form-check-label" for="Cem Porcento">
                        Cem Porcento <span class="hit-count">(92)</span>
                        </label>
                        <span class="checkmark"></span>
                        </div>
                        <span class="sr-only selected-assistive-text">
                        Refine by Marcas: Cem Porcento
                        </span>
                        </button>
                        </li>
                        <li class="refinement-value hide-refinement  ">
                        <button data-href="/on/demandware.store/Sites-continente-Site/default/Search-ShowAjax?cgid=mercearias&amp;pmin=0%2e01&amp;prefn1=brand&amp;prefv1=Cerelac" class="refinement-btn ">
                        <div class="ct-form-checkbox">
                        <input id="Cerelac" type="checkbox" title="">
                        <label class="ct-form-check-label" for="Cerelac">
                        Cerelac <span class="hit-count">(26)</span>
                        </label>
                        <span class="checkmark"></span>
                        </div>
                        <span class="sr-only selected-assistive-text">
                        Refine by Marcas: Cerelac
                        </span>
                        </button>
                        </li>
                        <li class="refinement-value hide-refinement  ">
                        <button data-href="/on/demandware.store/Sites-continente-Site/default/Search-ShowAjax?cgid=mercearias&amp;pmin=0%2e01&amp;prefn1=brand&amp;prefv1=Cheerios" class="refinement-btn ">
                        <div class="ct-form-checkbox">
                        <input id="Cheerios" type="checkbox" title="">
                        <label class="ct-form-check-label" for="Cheerios">
                        Cheerios <span class="hit-count">(4)</span>
                        </label>
                        <span class="checkmark"></span>
                        </div>
                        <span class="sr-only selected-assistive-text">
                        Refine by Marcas: Cheerios
                        </span>
                        </button>
                        </li>
                        
                        <li class="refinement-value hide-refinement  ">
                        <button data-href="/on/demandware.store/Sites-continente-Site/default/Search-ShowAjax?cgid=mercearias&amp;pmin=0%2e01&amp;prefn1=brand&amp;prefv1=Cheetos" class="refinement-btn ">
                        <div class="ct-form-checkbox">
                        <input id="Cheetos" type="checkbox" title="">
                        <label class="ct-form-check-label" for="Cheetos">
                        Cheetos <span class="hit-count">(5)</span>
                        </label>
                        <span class="checkmark"></span>
                        </div>
                        <span class="sr-only selected-assistive-text">
                        Refine by Marcas: Cheetos
                        </span>
                        </button>
                        </li>
                        <li class="refinement-value hide-refinement  ">
                        <button data-href="/on/demandware.store/Sites-continente-Site/default/Search-ShowAjax?cgid=mercearias&amp;pmin=0%2e01&amp;prefn1=brand&amp;prefv1=Chiclets" class="refinement-btn ">
                        <div class="ct-form-checkbox">
                        <input id="Chiclets" type="checkbox" title="">
                        <label class="ct-form-check-label" for="Chiclets">
                        Chiclets <span class="hit-count">(4)</span>
                        </label>
                        <span class="checkmark"></span>
                        </div>
                        <span class="sr-only selected-assistive-text">
                        Refine by Marcas: Chiclets
                        </span>
                        </button>
                        </li>
                        <li class="refinement-value hide-refinement  ">
                        <button data-href="/on/demandware.store/Sites-continente-Site/default/Search-ShowAjax?cgid=mercearias&amp;pmin=0%2e01&amp;prefn1=brand&amp;prefv1=Chipicao" class="refinement-btn ">
                        <div class="ct-form-checkbox">
                        <input id="Chipicao" type="checkbox" title="">
                        <label class="ct-form-check-label" for="Chipicao">
                        Chipicao <span class="hit-count">(8)</span>
                        </label>
                        <span class="checkmark"></span>
                        </div>
                        <span class="sr-only selected-assistive-text">
                        Refine by Marcas: Chipicao
                        </span>
                        </button>
                        </li>
                        <li class="refinement-value hide-refinement  ">
                        <button data-href="/on/demandware.store/Sites-continente-Site/default/Search-ShowAjax?cgid=mercearias&amp;pmin=0%2e01&amp;prefn1=brand&amp;prefv1=Chips%20Ahoy" class="refinement-btn ">
                        <div class="ct-form-checkbox">
                        <input id="Chips Ahoy" type="checkbox" title="">
                        <label class="ct-form-check-label" for="Chips Ahoy">
                        Chips Ahoy <span class="hit-count">(6)</span>
                        </label>
                        <span class="checkmark"></span>
                        </div>
                        <span class="sr-only selected-assistive-text">
                        Refine by Marcas: Chips Ahoy
                        </span>
                        </button>
                        </li>
                        <li class="refinement-value hide-refinement  ">
                        <button data-href="/on/demandware.store/Sites-continente-Site/default/Search-ShowAjax?cgid=mercearias&amp;pmin=0%2e01&amp;prefn1=brand&amp;prefv1=Chocapic" class="refinement-btn ">
                        <div class="ct-form-checkbox">
                        <input id="Chocapic" type="checkbox" title="">
                        <label class="ct-form-check-label" for="Chocapic">
                        Chocapic <span class="hit-count">(8)</span>
                        </label>
                        <span class="checkmark"></span>
                        </div>
                        <span class="sr-only selected-assistive-text">
                        Refine by Marcas: Chocapic
                        </span>
                        </button>
                        </li>
                        <li class="refinement-value hide-refinement  ">
                        <button data-href="/on/demandware.store/Sites-continente-Site/default/Search-ShowAjax?cgid=mercearias&amp;pmin=0%2e01&amp;prefn1=brand&amp;prefv1=Chupa%20Chups" class="refinement-btn ">
                        <div class="ct-form-checkbox">
                        <input id="Chupa Chups" type="checkbox" title="">
                        <label class="ct-form-check-label" for="Chupa Chups">
                        Chupa Chups <span class="hit-count">(9)</span>
                        </label>
                        <span class="checkmark"></span>
                        </div>
                        <span class="sr-only selected-assistive-text">
                        Refine by Marcas: Chupa Chups
                        </span>
                        </button>
                        </li>
                        <li class="refinement-value hide-refinement  ">
                        <button data-href="/on/demandware.store/Sites-continente-Site/default/Search-ShowAjax?cgid=mercearias&amp;pmin=0%2e01&amp;prefn1=brand&amp;prefv1=Cigala" class="refinement-btn ">
                        <div class="ct-form-checkbox">
                        <input id="Cigala" type="checkbox" title="">
                        <label class="ct-form-check-label" for="Cigala">
                        Cigala <span class="hit-count">(16)</span>
                        </label>
                        <span class="checkmark"></span>
                        </div>
                        <span class="sr-only selected-assistive-text">
                        Refine by Marcas: Cigala
                        </span>
                        </button>
                        </li>
                        <li class="refinement-value hide-refinement  ">
                        <button data-href="/on/demandware.store/Sites-continente-Site/default/Search-ShowAjax?cgid=mercearias&amp;pmin=0%2e01&amp;prefn1=brand&amp;prefv1=Cimarrom" class="refinement-btn ">
                        <div class="ct-form-checkbox">
                        <input id="Cimarrom" type="checkbox" title="">
                        <label class="ct-form-check-label" for="Cimarrom">
                        Cimarrom <span class="hit-count">(9)</span>
                        </label>
                        <span class="checkmark"></span>
                        </div>
                        <span class="sr-only selected-assistive-text">
                        Refine by Marcas: Cimarrom
                        </span>
                        </button>
                        </li>
                        <li class="refinement-value hide-refinement  ">
                        <button data-href="/on/demandware.store/Sites-continente-Site/default/Search-ShowAjax?cgid=mercearias&amp;pmin=0%2e01&amp;prefn1=brand&amp;prefv1=Cinco%20Soldos" class="refinement-btn ">
                        <div class="ct-form-checkbox">
                        <input id="Cinco Soldos" type="checkbox" title="">
                        <label class="ct-form-check-label" for="Cinco Soldos">
                        Cinco Soldos <span class="hit-count">(6)</span>
                        </label>
                        <span class="checkmark"></span>
                        </div>
                        <span class="sr-only selected-assistive-text">
                        Refine by Marcas: Cinco Soldos
                        </span>
                        </button>
                        </li>
                        <li class="refinement-value hide-refinement  ">
                        <button data-href="/on/demandware.store/Sites-continente-Site/default/Search-ShowAjax?cgid=mercearias&amp;pmin=0%2e01&amp;prefn1=brand&amp;prefv1=Cirio" class="refinement-btn ">
                        <div class="ct-form-checkbox">
                        <input id="Cirio" type="checkbox" title="">
                        <label class="ct-form-check-label" for="Cirio">
                        Cirio <span class="hit-count">(2)</span>
                        </label>
                        <span class="checkmark"></span>
                        </div>
                        <span class="sr-only selected-assistive-text">
                        Refine by Marcas: Cirio
                        </span>
                        </button>
                        </li>
                        <li class="refinement-value hide-refinement  ">
                        <button data-href="/on/demandware.store/Sites-continente-Site/default/Search-ShowAjax?cgid=mercearias&amp;pmin=0%2e01&amp;prefn1=brand&amp;prefv1=Clusters" class="refinement-btn ">
                        <div class="ct-form-checkbox">
                        <input id="Clusters" type="checkbox" title="">
                        <label class="ct-form-check-label" for="Clusters">
                        Clusters <span class="hit-count">(2)</span>
                        </label>
                        <span class="checkmark"></span>
                        </div>
                        <span class="sr-only selected-assistive-text">
                        Refine by Marcas: Clusters
                        </span>
                        </button>
                        </li>
                        <li class="refinement-value hide-refinement  ">
                        <button data-href="/on/demandware.store/Sites-continente-Site/default/Search-ShowAjax?cgid=mercearias&amp;pmin=0%2e01&amp;prefn1=brand&amp;prefv1=Cola%20Cao" class="refinement-btn ">
                        <div class="ct-form-checkbox">
                        <input id="Cola Cao" type="checkbox" title="">
                        <label class="ct-form-check-label" for="Cola Cao">
                        Cola Cao <span class="hit-count">(3)</span>
                        </label>
                        <span class="checkmark"></span>
                        </div>
                        <span class="sr-only selected-assistive-text">
                        Refine by Marcas: Cola Cao
                        </span>
                        </button>
                        </li>
                        <li class="refinement-value hide-refinement  ">
                        <button data-href="/on/demandware.store/Sites-continente-Site/default/Search-ShowAjax?cgid=mercearias&amp;pmin=0%2e01&amp;prefn1=brand&amp;prefv1=Colman%27s" class="refinement-btn ">
                        <div class="ct-form-checkbox">
                        <input id="Colman's" type="checkbox" title="">
                        <label class="ct-form-check-label" for="Colman's">
                        Colman's <span class="hit-count">(1)</span>
                        </label>
                        <span class="checkmark"></span>
                        </div>
                        <span class="sr-only selected-assistive-text">
                        Refine by Marcas: Colman's
                        </span>
                        </button>
                        </li>
                        <li class="refinement-value hide-refinement  ">
                        <button data-href="/on/demandware.store/Sites-continente-Site/default/Search-ShowAjax?cgid=mercearias&amp;pmin=0%2e01&amp;prefn1=brand&amp;prefv1=COMPAL" class="refinement-btn ">
                        <div class="ct-form-checkbox">
                        <input id="COMPAL" type="checkbox" title="">
                        <label class="ct-form-check-label" for="COMPAL">
                        COMPAL <span class="hit-count">(1)</span>
                        </label>
                        <span class="checkmark"></span>
                        </div>
                        <span class="sr-only selected-assistive-text">
                        Refine by Marcas: COMPAL
                        </span>
                        </button>
                        </li>
                        <li class="refinement-value hide-refinement  ">
                        <button data-href="/on/demandware.store/Sites-continente-Site/default/Search-ShowAjax?cgid=mercearias&amp;pmin=0%2e01&amp;prefn1=brand&amp;prefv1=Compal%20da%20Horta" class="refinement-btn ">
                        <div class="ct-form-checkbox">
                        <input id="Compal da Horta" type="checkbox" title="">
                        <label class="ct-form-check-label" for="Compal da Horta">
                        Compal da Horta <span class="hit-count">(21)</span>
                        </label>
                        <span class="checkmark"></span>
                        </div>
                        <span class="sr-only selected-assistive-text">
                        Refine by Marcas: Compal da Horta
                        </span>
                        </button>
                        </li>
                        <li class="refinement-value hide-refinement  ">
                        <button data-href="/on/demandware.store/Sites-continente-Site/default/Search-ShowAjax?cgid=mercearias&amp;pmin=0%2e01&amp;prefn1=brand&amp;prefv1=Compal%20Essencial" class="refinement-btn ">
                        <div class="ct-form-checkbox">
                        <input id="Compal Essencial" type="checkbox" title="">
                        <label class="ct-form-check-label" for="Compal Essencial">
                        Compal Essencial <span class="hit-count">(7)</span>
                        </label>
                        <span class="checkmark"></span>
                        </div>
                        <span class="sr-only selected-assistive-text">
                        Refine by Marcas: Compal Essencial
                        </span>
                        </button>
                        </li>
                        <li class="refinement-value hide-refinement  ">
                        <button data-href="/on/demandware.store/Sites-continente-Site/default/Search-ShowAjax?cgid=mercearias&amp;pmin=0%2e01&amp;prefn1=brand&amp;prefv1=Condi" class="refinement-btn ">
                        <div class="ct-form-checkbox">
                        <input id="Condi" type="checkbox" title="">
                        <label class="ct-form-check-label" for="Condi">
                        Condi <span class="hit-count">(64)</span>
                        </label>
                        <span class="checkmark"></span>
                        </div>
                        <span class="sr-only selected-assistive-text">
                        Refine by Marcas: Condi
                        </span>
                        </button>
                        </li>
                        <li class="refinement-value hide-refinement  ">
                        <button data-href="/on/demandware.store/Sites-continente-Site/default/Search-ShowAjax?cgid=mercearias&amp;pmin=0%2e01&amp;prefn1=brand&amp;prefv1=Conf%2e%20Vale" class="refinement-btn ">
                        <div class="ct-form-checkbox">
                        <input id="Conf. Vale" type="checkbox" title="">
                        <label class="ct-form-check-label" for="Conf. Vale">
                        Conf. Vale <span class="hit-count">(1)</span>
                        </label>
                        <span class="checkmark"></span>
                        </div>
                        <span class="sr-only selected-assistive-text">
                        Refine by Marcas: Conf. Vale
                        </span>
                        </button>
                        </li>
                        <li class="refinement-value hide-refinement  ">
                        <button data-href="/on/demandware.store/Sites-continente-Site/default/Search-ShowAjax?cgid=mercearias&amp;pmin=0%2e01&amp;prefn1=brand&amp;prefv1=Confeitaria%20do%20Vale" class="refinement-btn ">
                        <div class="ct-form-checkbox">
                        <input id="Confeitaria do Vale" type="checkbox" title="">
                        <label class="ct-form-check-label" for="Confeitaria do Vale">
                        Confeitaria do Vale <span class="hit-count">(1)</span>
                        </label>
                        <span class="checkmark"></span>
                        </div>
                        <span class="sr-only selected-assistive-text">
                        Refine by Marcas: Confeitaria do Vale
                        </span>
                        </button>
                        </li>
                        <li class="refinement-value hide-refinement  ">
                        <button data-href="/on/demandware.store/Sites-continente-Site/default/Search-ShowAjax?cgid=mercearias&amp;pmin=0%2e01&amp;prefn1=brand&amp;prefv1=Continente" class="refinement-btn ">
                        <div class="ct-form-checkbox">
                        <input id="Continente" type="checkbox" title="">
                        <label class="ct-form-check-label" for="Continente">
                        Continente <span class="hit-count">(780)</span>
                        </label>
                        <span class="checkmark"></span>
                        </div>
                        <span class="sr-only selected-assistive-text">
                        Refine by Marcas: Continente
                        </span>
                        </button>
                        </li>
                        <li class="refinement-value hide-refinement  ">
                        <button data-href="/on/demandware.store/Sites-continente-Site/default/Search-ShowAjax?cgid=mercearias&amp;pmin=0%2e01&amp;prefn1=brand&amp;prefv1=Continente%20Bio" class="refinement-btn ">
                        <div class="ct-form-checkbox">
                        <input id="Continente Bio" type="checkbox" title="">
                        <label class="ct-form-check-label" for="Continente Bio">
                        Continente Bio <span class="hit-count">(41)</span>
                        </label>
                        <span class="checkmark"></span>
                        </div>
                        <span class="sr-only selected-assistive-text">
                        Refine by Marcas: Continente Bio
                        </span>
                        </button>
                        </li>
                        <li class="refinement-value hide-refinement  ">
                        <button data-href="/on/demandware.store/Sites-continente-Site/default/Search-ShowAjax?cgid=mercearias&amp;pmin=0%2e01&amp;prefn1=brand&amp;prefv1=Continente%20do%20Beb%c3%a9" class="refinement-btn ">
                        <div class="ct-form-checkbox">
                        <input id="Continente do Bebé" type="checkbox" title="">
                        <label class="ct-form-check-label" for="Continente do Bebé">
                        Continente do Bebé <span class="hit-count">(24)</span>
                        </label>
                        <span class="checkmark"></span>
                        </div>
                        <span class="sr-only selected-assistive-text">
                        Refine by Marcas: Continente do Bebé
                        </span>
                        </button>
                        </li>
                        <li class="refinement-value hide-refinement  ">
                        <button data-href="/on/demandware.store/Sites-continente-Site/default/Search-ShowAjax?cgid=mercearias&amp;pmin=0%2e01&amp;prefn1=brand&amp;prefv1=Continente%20Equil%c3%adbrio" class="refinement-btn ">
                        <div class="ct-form-checkbox">
                        <input id="Continente Equilíbrio" type="checkbox" title="">
                        <label class="ct-form-check-label" for="Continente Equilíbrio">
                        Continente Equilíbrio <span class="hit-count">(63)</span>
                        </label>
                        <span class="checkmark"></span>
                        </div>
                        <span class="sr-only selected-assistive-text">
                        Refine by Marcas: Continente Equilíbrio
                        </span>
                        </button>
                        </li>
                        <li class="refinement-value hide-refinement  ">
                        <button data-href="/on/demandware.store/Sites-continente-Site/default/Search-ShowAjax?cgid=mercearias&amp;pmin=0%2e01&amp;prefn1=brand&amp;prefv1=Continente%20F%c3%a1cil%20%26%20Bom" class="refinement-btn ">
                        <div class="ct-form-checkbox">
                        <input id="Continente Fácil &amp; Bom" type="checkbox" title="">
                        <label class="ct-form-check-label" for="Continente Fácil &amp; Bom">
                        Continente Fácil &amp; Bom <span class="hit-count">(2)</span>
                        </label>
                        <span class="checkmark"></span>
                        </div>
                        <span class="sr-only selected-assistive-text">
                        Refine by Marcas: Continente Fácil &amp; Bom
                        </span>
                        </button>
                        </li>
                        <li class="refinement-value hide-refinement  ">
                        <button data-href="/on/demandware.store/Sites-continente-Site/default/Search-ShowAjax?cgid=mercearias&amp;pmin=0%2e01&amp;prefn1=brand&amp;prefv1=Continente%20Gumball" class="refinement-btn ">
                        <div class="ct-form-checkbox">
                        <input id="Continente Gumball" type="checkbox" title="">
                        <label class="ct-form-check-label" for="Continente Gumball">
                        Continente Gumball <span class="hit-count">(3)</span>
                        </label>
                        <span class="checkmark"></span>
                        </div>
                        <span class="sr-only selected-assistive-text">
                        Refine by Marcas: Continente Gumball
                        </span>
                        </button>
                        </li>
                        <li class="refinement-value hide-refinement  ">
                        <button data-href="/on/demandware.store/Sites-continente-Site/default/Search-ShowAjax?cgid=mercearias&amp;pmin=0%2e01&amp;prefn1=brand&amp;prefv1=Continente%20Infantil" class="refinement-btn ">
                        <div class="ct-form-checkbox">
                        <input id="Continente Infantil" type="checkbox" title="">
                        <label class="ct-form-check-label" for="Continente Infantil">
                        Continente Infantil <span class="hit-count">(11)</span>
                        </label>
                        <span class="checkmark"></span>
                        </div>
                        <span class="sr-only selected-assistive-text">
                        Refine by Marcas: Continente Infantil
                        </span>
                        </button>
                        </li>
                        <li class="refinement-value hide-refinement  ">
                        <button data-href="/on/demandware.store/Sites-continente-Site/default/Search-ShowAjax?cgid=mercearias&amp;pmin=0%2e01&amp;prefn1=brand&amp;prefv1=Continente%20Sele%c3%a7%c3%a3o" class="refinement-btn ">
                        <div class="ct-form-checkbox">
                        <input id="Continente Seleção" type="checkbox" title="">
                        <label class="ct-form-check-label" for="Continente Seleção">
                        Continente Seleção <span class="hit-count">(51)</span>
                        </label>
                        <span class="checkmark"></span>
                        </div>
                        <span class="sr-only selected-assistive-text">
                        Refine by Marcas: Continente Seleção
                        </span>
                        </button>
                        </li>
                        <li class="refinement-value hide-refinement  ">
                        <button data-href="/on/demandware.store/Sites-continente-Site/default/Search-ShowAjax?cgid=mercearias&amp;pmin=0%2e01&amp;prefn1=brand&amp;prefv1=Cookie%20Crisp" class="refinement-btn ">
                        <div class="ct-form-checkbox">
                        <input id="Cookie Crisp" type="checkbox" title="">
                        <label class="ct-form-check-label" for="Cookie Crisp">
                        Cookie Crisp <span class="hit-count">(1)</span>
                        </label>
                        <span class="checkmark"></span>
                        </div>
                        <span class="sr-only selected-assistive-text">
                        Refine by Marcas: Cookie Crisp
                        </span>
                        </button>
                        </li>
                        <li class="refinement-value hide-refinement  ">
                        <button data-href="/on/demandware.store/Sites-continente-Site/default/Search-ShowAjax?cgid=mercearias&amp;pmin=0%2e01&amp;prefn1=brand&amp;prefv1=Coren" class="refinement-btn ">
                        <div class="ct-form-checkbox">
                        <input id="Coren" type="checkbox" title="">
                        <label class="ct-form-check-label" for="Coren">
                        Coren <span class="hit-count">(4)</span>
                        </label>
                        <span class="checkmark"></span>
                        </div>
                        <span class="sr-only selected-assistive-text">
                        Refine by Marcas: Coren
                        </span>
                        </button>
                        </li>
                        <li class="refinement-value hide-refinement  ">
                        <button data-href="/on/demandware.store/Sites-continente-Site/default/Search-ShowAjax?cgid=mercearias&amp;pmin=0%2e01&amp;prefn1=brand&amp;prefv1=Corny" class="refinement-btn ">
                        <div class="ct-form-checkbox">
                        <input id="Corny" type="checkbox" title="">
                        <label class="ct-form-check-label" for="Corny">
                        Corny <span class="hit-count">(11)</span>
                        </label>
                        <span class="checkmark"></span>
                        </div>
                        <span class="sr-only selected-assistive-text">
                        Refine by Marcas: Corny
                        </span>
                        </button>
                        </li>
                        <li class="refinement-value hide-refinement  ">
                        <button data-href="/on/demandware.store/Sites-continente-Site/default/Search-ShowAjax?cgid=mercearias&amp;pmin=0%2e01&amp;prefn1=brand&amp;prefv1=C%c3%b4te%20D%27Or" class="refinement-btn ">
                        <div class="ct-form-checkbox">
                        <input id="Côte D'Or" type="checkbox" title="">
                        <label class="ct-form-check-label" for="Côte D'Or">
                        Côte D'Or <span class="hit-count">(15)</span>
                        </label>
                        <span class="checkmark"></span>
                        </div>
                        <span class="sr-only selected-assistive-text">
                        Refine by Marcas: Côte D'Or
                        </span>
                        </button>
                        </li>
                        <li class="refinement-value hide-refinement  ">
                        <button data-href="/on/demandware.store/Sites-continente-Site/default/Search-ShowAjax?cgid=mercearias&amp;pmin=0%2e01&amp;prefn1=brand&amp;prefv1=Cozinha%20Velha" class="refinement-btn ">
                        <div class="ct-form-checkbox">
                        <input id="Cozinha Velha" type="checkbox" title="">
                        <label class="ct-form-check-label" for="Cozinha Velha">
                        Cozinha Velha <span class="hit-count">(1)</span>
                        </label>
                        <span class="checkmark"></span>
                        </div>
                        <span class="sr-only selected-assistive-text">
                        Refine by Marcas: Cozinha Velha
                        </span>
                        </button>
                        </li>
                        <li class="refinement-value hide-refinement  ">
                        <button data-href="/on/demandware.store/Sites-continente-Site/default/Search-ShowAjax?cgid=mercearias&amp;pmin=0%2e01&amp;prefn1=brand&amp;prefv1=Crich" class="refinement-btn ">
                        <div class="ct-form-checkbox">
                        <input id="Crich" type="checkbox" title="">
                        <label class="ct-form-check-label" for="Crich">
                        Crich <span class="hit-count">(6)</span>
                        </label>
                        <span class="checkmark"></span>
                        </div>
                        <span class="sr-only selected-assistive-text">
                        Refine by Marcas: Crich
                        </span>
                        </button>
                        </li>
                        <li class="refinement-value hide-refinement  ">
                        <button data-href="/on/demandware.store/Sites-continente-Site/default/Search-ShowAjax?cgid=mercearias&amp;pmin=0%2e01&amp;prefn1=brand&amp;prefv1=Cristal" class="refinement-btn ">
                        <div class="ct-form-checkbox">
                        <input id="Cristal" type="checkbox" title="">
                        <label class="ct-form-check-label" for="Cristal">
                        Cristal <span class="hit-count">(10)</span>
                        </label>
                        <span class="checkmark"></span>
                        </div>
                        <span class="sr-only selected-assistive-text">
                        Refine by Marcas: Cristal
                        </span>
                        </button>
                        </li>
                        <li class="refinement-value hide-refinement  ">
                        <button data-href="/on/demandware.store/Sites-continente-Site/default/Search-ShowAjax?cgid=mercearias&amp;pmin=0%2e01&amp;prefn1=brand&amp;prefv1=Croffee" class="refinement-btn ">
                        <div class="ct-form-checkbox">
                        <input id="Croffee" type="checkbox" title="">
                        <label class="ct-form-check-label" for="Croffee">
                        Croffee <span class="hit-count">(2)</span>
                        </label>
                        <span class="checkmark"></span>
                        </div>
                        <span class="sr-only selected-assistive-text">
                        Refine by Marcas: Croffee
                        </span>
                        </button>
                        </li>
                        <li class="refinement-value hide-refinement  ">
                        <button data-href="/on/demandware.store/Sites-continente-Site/default/Search-ShowAjax?cgid=mercearias&amp;pmin=0%2e01&amp;prefn1=brand&amp;prefv1=Crunch" class="refinement-btn ">
                        <div class="ct-form-checkbox">
                        <input id="Crunch" type="checkbox" title="">
                        <label class="ct-form-check-label" for="Crunch">
                        Crunch <span class="hit-count">(7)</span>
                        </label>
                        <span class="checkmark"></span>
                        </div>
                        <span class="sr-only selected-assistive-text">
                        Refine by Marcas: Crunch
                        </span>
                        </button>
                        </li>
                        <li class="refinement-value hide-refinement  ">
                        <button data-href="/on/demandware.store/Sites-continente-Site/default/Search-ShowAjax?cgid=mercearias&amp;pmin=0%2e01&amp;prefn1=brand&amp;prefv1=Cu%c3%a9tara" class="refinement-btn ">
                        <div class="ct-form-checkbox">
                        <input id="Cuétara" type="checkbox" title="">
                        <label class="ct-form-check-label" for="Cuétara">
                        Cuétara <span class="hit-count">(31)</span>
                        </label>
                        <span class="checkmark"></span>
                        </div>
                        <span class="sr-only selected-assistive-text">
                        Refine by Marcas: Cuétara
                        </span>
                        </button>
                        </li>
                        <li class="refinement-value hide-refinement  ">
                        <button data-href="/on/demandware.store/Sites-continente-Site/default/Search-ShowAjax?cgid=mercearias&amp;pmin=0%2e01&amp;prefn1=brand&amp;prefv1=Daelmans" class="refinement-btn ">
                        <div class="ct-form-checkbox">
                        <input id="Daelmans" type="checkbox" title="">
                        <label class="ct-form-check-label" for="Daelmans">
                        Daelmans <span class="hit-count">(1)</span>
                        </label>
                        <span class="checkmark"></span>
                        </div>
                        <span class="sr-only selected-assistive-text">
                        Refine by Marcas: Daelmans
                        </span>
                        </button>
                        </li>
                        <li class="refinement-value hide-refinement  ">
                        <button data-href="/on/demandware.store/Sites-continente-Site/default/Search-ShowAjax?cgid=mercearias&amp;pmin=0%2e01&amp;prefn1=brand&amp;prefv1=Daim" class="refinement-btn ">
                        <div class="ct-form-checkbox">
                        <input id="Daim" type="checkbox" title="">
                        <label class="ct-form-check-label" for="Daim">
                        Daim <span class="hit-count">(2)</span>
                        </label>
                        <span class="checkmark"></span>
                        </div>
                        <span class="sr-only selected-assistive-text">
                        Refine by Marcas: Daim
                        </span>
                        </button>
                        </li>
                        <li class="refinement-value hide-refinement  ">
                        <button data-href="/on/demandware.store/Sites-continente-Site/default/Search-ShowAjax?cgid=mercearias&amp;pmin=0%2e01&amp;prefn1=brand&amp;prefv1=Dalla%20Costa" class="refinement-btn ">
                        <div class="ct-form-checkbox">
                        <input id="Dalla Costa" type="checkbox" title="">
                        <label class="ct-form-check-label" for="Dalla Costa">
                        Dalla Costa <span class="hit-count">(5)</span>
                        </label>
                        <span class="checkmark"></span>
                        </div>
                        <span class="sr-only selected-assistive-text">
                        Refine by Marcas: Dalla Costa
                        </span>
                        </button>
                        </li>
                        <li class="refinement-value hide-refinement  ">
                        <button data-href="/on/demandware.store/Sites-continente-Site/default/Search-ShowAjax?cgid=mercearias&amp;pmin=0%2e01&amp;prefn1=brand&amp;prefv1=DanCake" class="refinement-btn ">
                        <div class="ct-form-checkbox">
                        <input id="DanCake" type="checkbox" title="">
                        <label class="ct-form-check-label" for="DanCake">
                        DanCake <span class="hit-count">(8)</span>
                        </label>
                        <span class="checkmark"></span>
                        </div>
                        <span class="sr-only selected-assistive-text">
                        Refine by Marcas: DanCake
                        </span>
                        </button>
                        </li>
                        <li class="refinement-value hide-refinement  ">
                        <button data-href="/on/demandware.store/Sites-continente-Site/default/Search-ShowAjax?cgid=mercearias&amp;pmin=0%2e01&amp;prefn1=brand&amp;prefv1=Da%20Nossa%20Pastelaria" class="refinement-btn ">
                        <div class="ct-form-checkbox">
                        <input id="Da Nossa Pastelaria" type="checkbox" title="">
                        <label class="ct-form-check-label" for="Da Nossa Pastelaria">
                        Da Nossa Pastelaria <span class="hit-count">(1)</span>
                        </label>
                        <span class="checkmark"></span>
                        </div>
                        <span class="sr-only selected-assistive-text">
                        Refine by Marcas: Da Nossa Pastelaria
                        </span>
                        </button>
                        </li>
                        <li class="refinement-value hide-refinement  ">
                        <button data-href="/on/demandware.store/Sites-continente-Site/default/Search-ShowAjax?cgid=mercearias&amp;pmin=0%2e01&amp;prefn1=brand&amp;prefv1=Da%20Terrinha" class="refinement-btn ">
                        <div class="ct-form-checkbox">
                        <input id="Da Terrinha" type="checkbox" title="">
                        <label class="ct-form-check-label" for="Da Terrinha">
                        Da Terrinha <span class="hit-count">(1)</span>
                        </label>
                        <span class="checkmark"></span>
                        </div>
                        <span class="sr-only selected-assistive-text">
                        Refine by Marcas: Da Terrinha
                        </span>
                        </button>
                        </li>
                        <li class="refinement-value hide-refinement  ">
                        <button data-href="/on/demandware.store/Sites-continente-Site/default/Search-ShowAjax?cgid=mercearias&amp;pmin=0%2e01&amp;prefn1=brand&amp;prefv1=Daveiga" class="refinement-btn ">
                        <div class="ct-form-checkbox">
                        <input id="Daveiga" type="checkbox" title="">
                        <label class="ct-form-check-label" for="Daveiga">
                        Daveiga <span class="hit-count">(3)</span>
                        </label>
                        <span class="checkmark"></span>
                        </div>
                        <span class="sr-only selected-assistive-text">
                        Refine by Marcas: Daveiga
                        </span>
                        </button>
                        </li>
                        <li class="refinement-value hide-refinement  ">
                        <button data-href="/on/demandware.store/Sites-continente-Site/default/Search-ShowAjax?cgid=mercearias&amp;pmin=0%2e01&amp;prefn1=brand&amp;prefv1=Delaviuda" class="refinement-btn ">
                        <div class="ct-form-checkbox">
                        <input id="Delaviuda" type="checkbox" title="">
                        <label class="ct-form-check-label" for="Delaviuda">
                        Delaviuda <span class="hit-count">(3)</span>
                        </label>
                        <span class="checkmark"></span>
                        </div>
                        <span class="sr-only selected-assistive-text">
                        Refine by Marcas: Delaviuda
                        </span>
                        </button>
                        </li>
                        <li class="refinement-value hide-refinement  ">
                        <button data-href="/on/demandware.store/Sites-continente-Site/default/Search-ShowAjax?cgid=mercearias&amp;pmin=0%2e01&amp;prefn1=brand&amp;prefv1=Delta" class="refinement-btn ">
                        <div class="ct-form-checkbox">
                        <input id="Delta" type="checkbox" title="">
                        <label class="ct-form-check-label" for="Delta">
                        Delta <span class="hit-count">(49)</span>
                        </label>
                        <span class="checkmark"></span>
                        </div>
                        <span class="sr-only selected-assistive-text">
                        Refine by Marcas: Delta
                        </span>
                        </button>
                        </li>
                        <li class="refinement-value hide-refinement  ">
                        <button data-href="/on/demandware.store/Sites-continente-Site/default/Search-ShowAjax?cgid=mercearias&amp;pmin=0%2e01&amp;prefn1=brand&amp;prefv1=Delta%20Q" class="refinement-btn ">
                        <div class="ct-form-checkbox">
                        <input id="Delta Q" type="checkbox" title="">
                        <label class="ct-form-check-label" for="Delta Q">
                        Delta Q <span class="hit-count">(49)</span>
                        </label>
                        <span class="checkmark"></span>
                        </div>
                        <span class="sr-only selected-assistive-text">
                        Refine by Marcas: Delta Q
                        </span>
                        </button>
                        </li>
                        <li class="refinement-value hide-refinement  ">
                        <button data-href="/on/demandware.store/Sites-continente-Site/default/Search-ShowAjax?cgid=mercearias&amp;pmin=0%2e01&amp;prefn1=brand&amp;prefv1=Delverde" class="refinement-btn ">
                        <div class="ct-form-checkbox">
                        <input id="Delverde" type="checkbox" title="">
                        <label class="ct-form-check-label" for="Delverde">
                        Delverde <span class="hit-count">(8)</span>
                        </label>
                        <span class="checkmark"></span>
                        </div>
                        <span class="sr-only selected-assistive-text">
                        Refine by Marcas: Delverde
                        </span>
                        </button>
                        </li>
                        <li class="refinement-value hide-refinement  ">
                        <button data-href="/on/demandware.store/Sites-continente-Site/default/Search-ShowAjax?cgid=mercearias&amp;pmin=0%2e01&amp;prefn1=brand&amp;prefv1=Despensa%20Cl%c3%a1ssica" class="refinement-btn ">
                        <div class="ct-form-checkbox">
                        <input id="Despensa Clássica" type="checkbox" title="">
                        <label class="ct-form-check-label" for="Despensa Clássica">
                        Despensa Clássica <span class="hit-count">(3)</span>
                        </label>
                        <span class="checkmark"></span>
                        </div>
                        <span class="sr-only selected-assistive-text">
                        Refine by Marcas: Despensa Clássica
                        </span>
                        </button>
                        </li>
                        <li class="refinement-value hide-refinement  ">
                        <button data-href="/on/demandware.store/Sites-continente-Site/default/Search-ShowAjax?cgid=mercearias&amp;pmin=0%2e01&amp;prefn1=brand&amp;prefv1=Diatosta" class="refinement-btn ">
                        <div class="ct-form-checkbox">
                        <input id="Diatosta" type="checkbox" title="">
                        <label class="ct-form-check-label" for="Diatosta">
                        Diatosta <span class="hit-count">(2)</span>
                        </label>
                        <span class="checkmark"></span>
                        </div>
                        <span class="sr-only selected-assistive-text">
                        Refine by Marcas: Diatosta
                        </span>
                        </button>
                        </li>
                        <li class="refinement-value hide-refinement  ">
                        <button data-href="/on/demandware.store/Sites-continente-Site/default/Search-ShowAjax?cgid=mercearias&amp;pmin=0%2e01&amp;prefn1=brand&amp;prefv1=Diese" class="refinement-btn ">
                        <div class="ct-form-checkbox">
                        <input id="Diese" type="checkbox" title="">
                        <label class="ct-form-check-label" for="Diese">
                        Diese <span class="hit-count">(21)</span>
                        </label>
                        <span class="checkmark"></span>
                        </div>
                        <span class="sr-only selected-assistive-text">
                        Refine by Marcas: Diese
                        </span>
                        </button>
                        </li>
                        <li class="refinement-value hide-refinement  ">
                        <button data-href="/on/demandware.store/Sites-continente-Site/default/Search-ShowAjax?cgid=mercearias&amp;pmin=0%2e01&amp;prefn1=brand&amp;prefv1=Diet%20Radisson" class="refinement-btn ">
                        <div class="ct-form-checkbox">
                        <input id="Diet Radisson" type="checkbox" title="">
                        <label class="ct-form-check-label" for="Diet Radisson">
                        Diet Radisson <span class="hit-count">(5)</span>
                        </label>
                        <span class="checkmark"></span>
                        </div>
                        <span class="sr-only selected-assistive-text">
                        Refine by Marcas: Diet Radisson
                        </span>
                        </button>
                        </li>
                        <li class="refinement-value hide-refinement  ">
                        <button data-href="/on/demandware.store/Sites-continente-Site/default/Search-ShowAjax?cgid=mercearias&amp;pmin=0%2e01&amp;prefn1=brand&amp;prefv1=Dolce%20Gusto" class="refinement-btn ">
                        <div class="ct-form-checkbox">
                        <input id="Dolce Gusto" type="checkbox" title="">
                        <label class="ct-form-check-label" for="Dolce Gusto">
                        Dolce Gusto <span class="hit-count">(52)</span>
                        </label>
                        <span class="checkmark"></span>
                        </div>
                        <span class="sr-only selected-assistive-text">
                        Refine by Marcas: Dolce Gusto
                        </span>
                        </button>
                        </li>
                        <li class="refinement-value hide-refinement  ">
                        <button data-href="/on/demandware.store/Sites-continente-Site/default/Search-ShowAjax?cgid=mercearias&amp;pmin=0%2e01&amp;prefn1=brand&amp;prefv1=Dom%20Duarte" class="refinement-btn ">
                        <div class="ct-form-checkbox">
                        <input id="Dom Duarte" type="checkbox" title="">
                        <label class="ct-form-check-label" for="Dom Duarte">
                        Dom Duarte <span class="hit-count">(2)</span>
                        </label>
                        <span class="checkmark"></span>
                        </div>
                        <span class="sr-only selected-assistive-text">
                        Refine by Marcas: Dom Duarte
                        </span>
                        </button>
                        </li>
                        <li class="refinement-value hide-refinement  ">
                        <button data-href="/on/demandware.store/Sites-continente-Site/default/Search-ShowAjax?cgid=mercearias&amp;pmin=0%2e01&amp;prefn1=brand&amp;prefv1=Dona%20Sarah" class="refinement-btn ">
                        <div class="ct-form-checkbox">
                        <input id="Dona Sarah" type="checkbox" title="">
                        <label class="ct-form-check-label" for="Dona Sarah">
                        Dona Sarah <span class="hit-count">(2)</span>
                        </label>
                        <span class="checkmark"></span>
                        </div>
                        <span class="sr-only selected-assistive-text">
                        Refine by Marcas: Dona Sarah
                        </span>
                        </button>
                        </li>
                        
                        <li class="refinement-value hide-refinement  ">
                        <button data-href="/on/demandware.store/Sites-continente-Site/default/Search-ShowAjax?cgid=mercearias&amp;pmin=0%2e01&amp;prefn1=brand&amp;prefv1=Donuts" class="refinement-btn ">
                        <div class="ct-form-checkbox">
                        <input id="Donuts" type="checkbox" title="">
                        <label class="ct-form-check-label" for="Donuts">
                        Donuts <span class="hit-count">(7)</span>
                        </label>
                        <span class="checkmark"></span>
                        </div>
                        <span class="sr-only selected-assistive-text">
                        Refine by Marcas: Donuts
                        </span>
                        </button>
                        </li>
                        <li class="refinement-value hide-refinement  ">
                        <button data-href="/on/demandware.store/Sites-continente-Site/default/Search-ShowAjax?cgid=mercearias&amp;pmin=0%2e01&amp;prefn1=brand&amp;prefv1=Doritos" class="refinement-btn ">
                        <div class="ct-form-checkbox">
                        <input id="Doritos" type="checkbox" title="">
                        <label class="ct-form-check-label" for="Doritos">
                        Doritos <span class="hit-count">(8)</span>
                        </label>
                        <span class="checkmark"></span>
                        </div>
                        <span class="sr-only selected-assistive-text">
                        Refine by Marcas: Doritos
                        </span>
                        </button>
                        </li>
                        <li class="refinement-value hide-refinement  ">
                        <button data-href="/on/demandware.store/Sites-continente-Site/default/Search-ShowAjax?cgid=mercearias&amp;pmin=0%2e01&amp;prefn1=brand&amp;prefv1=Dr%2e%20Bayard" class="refinement-btn ">
                        <div class="ct-form-checkbox">
                        <input id="Dr. Bayard" type="checkbox" title="">
                        <label class="ct-form-check-label" for="Dr. Bayard">
                        Dr. Bayard <span class="hit-count">(1)</span>
                        </label>
                        <span class="checkmark"></span>
                        </div>
                        <span class="sr-only selected-assistive-text">
                        Refine by Marcas: Dr. Bayard
                        </span>
                        </button>
                        </li>
                        <li class="refinement-value hide-refinement  ">
                        <button data-href="/on/demandware.store/Sites-continente-Site/default/Search-ShowAjax?cgid=mercearias&amp;pmin=0%2e01&amp;prefn1=brand&amp;prefv1=Du%20Bois" class="refinement-btn ">
                        <div class="ct-form-checkbox">
                        <input id="Du Bois" type="checkbox" title="">
                        <label class="ct-form-check-label" for="Du Bois">
                        Du Bois <span class="hit-count">(8)</span>
                        </label>
                        <span class="checkmark"></span>
                        </div>
                        <span class="sr-only selected-assistive-text">
                        Refine by Marcas: Du Bois
                        </span>
                        </button>
                        </li>
                        <li class="refinement-value hide-refinement  ">
                        <button data-href="/on/demandware.store/Sites-continente-Site/default/Search-ShowAjax?cgid=mercearias&amp;pmin=0%2e01&amp;prefn1=brand&amp;prefv1=Dunkin" class="refinement-btn ">
                        <div class="ct-form-checkbox">
                        <input id="Dunkin" type="checkbox" title="">
                        <label class="ct-form-check-label" for="Dunkin">
                        Dunkin <span class="hit-count">(1)</span>
                        </label>
                        <span class="checkmark"></span>
                        </div>
                        <span class="sr-only selected-assistive-text">
                        Refine by Marcas: Dunkin
                        </span>
                        </button>
                        </li>
                        <li class="refinement-value hide-refinement  ">
                        <button data-href="/on/demandware.store/Sites-continente-Site/default/Search-ShowAjax?cgid=mercearias&amp;pmin=0%2e01&amp;prefn1=brand&amp;prefv1=Eagle" class="refinement-btn ">
                        <div class="ct-form-checkbox">
                        <input id="Eagle" type="checkbox" title="">
                        <label class="ct-form-check-label" for="Eagle">
                        Eagle <span class="hit-count">(1)</span>
                        </label>
                        <span class="checkmark"></span>
                        </div>
                        <span class="sr-only selected-assistive-text">
                        Refine by Marcas: Eagle
                        </span>
                        </button>
                        </li>
                        <li class="refinement-value hide-refinement  ">
                        <button data-href="/on/demandware.store/Sites-continente-Site/default/Search-ShowAjax?cgid=mercearias&amp;pmin=0%2e01&amp;prefn1=brand&amp;prefv1=Eat%20Real" class="refinement-btn ">
                        <div class="ct-form-checkbox">
                        <input id="Eat Real" type="checkbox" title="">
                        <label class="ct-form-check-label" for="Eat Real">
                        Eat Real <span class="hit-count">(1)</span>
                        </label>
                        <span class="checkmark"></span>
                        </div>
                        <span class="sr-only selected-assistive-text">
                        Refine by Marcas: Eat Real
                        </span>
                        </button>
                        </li>
                        <li class="refinement-value hide-refinement  ">
                        <button data-href="/on/demandware.store/Sites-continente-Site/default/Search-ShowAjax?cgid=mercearias&amp;pmin=0%2e01&amp;prefn1=brand&amp;prefv1=%c3%89%20Continente" class="refinement-btn ">
                        <div class="ct-form-checkbox">
                        <input id="É Continente" type="checkbox" title="">
                        <label class="ct-form-check-label" for="É Continente">
                        É Continente <span class="hit-count">(2)</span>
                        </label>
                        <span class="checkmark"></span>
                        </div>
                        <span class="sr-only selected-assistive-text">
                        Refine by Marcas: É Continente
                        </span>
                        </button>
                        </li>
                        <li class="refinement-value hide-refinement  ">
                        <button data-href="/on/demandware.store/Sites-continente-Site/default/Search-ShowAjax?cgid=mercearias&amp;pmin=0%2e01&amp;prefn1=brand&amp;prefv1=El%20Almendro" class="refinement-btn ">
                        <div class="ct-form-checkbox">
                        <input id="El Almendro" type="checkbox" title="">
                        <label class="ct-form-check-label" for="El Almendro">
                        El Almendro <span class="hit-count">(1)</span>
                        </label>
                        <span class="checkmark"></span>
                        </div>
                        <span class="sr-only selected-assistive-text">
                        Refine by Marcas: El Almendro
                        </span>
                        </button>
                        </li>
                        <li class="refinement-value hide-refinement  ">
                        <button data-href="/on/demandware.store/Sites-continente-Site/default/Search-ShowAjax?cgid=mercearias&amp;pmin=0%2e01&amp;prefn1=brand&amp;prefv1=El%20Caserio" class="refinement-btn ">
                        <div class="ct-form-checkbox">
                        <input id="El Caserio" type="checkbox" title="">
                        <label class="ct-form-check-label" for="El Caserio">
                        El Caserio <span class="hit-count">(1)</span>
                        </label>
                        <span class="checkmark"></span>
                        </div>
                        <span class="sr-only selected-assistive-text">
                        Refine by Marcas: El Caserio
                        </span>
                        </button>
                        </li>
                        <li class="refinement-value hide-refinement  ">
                        <button data-href="/on/demandware.store/Sites-continente-Site/default/Search-ShowAjax?cgid=mercearias&amp;pmin=0%2e01&amp;prefn1=brand&amp;prefv1=El%20Mandarin" class="refinement-btn ">
                        <div class="ct-form-checkbox">
                        <input id="El Mandarin" type="checkbox" title="">
                        <label class="ct-form-check-label" for="El Mandarin">
                        El Mandarin <span class="hit-count">(4)</span>
                        </label>
                        <span class="checkmark"></span>
                        </div>
                        <span class="sr-only selected-assistive-text">
                        Refine by Marcas: El Mandarin
                        </span>
                        </button>
                        </li>
                        <li class="refinement-value hide-refinement  ">
                        <button data-href="/on/demandware.store/Sites-continente-Site/default/Search-ShowAjax?cgid=mercearias&amp;pmin=0%2e01&amp;prefn1=brand&amp;prefv1=Emile%20No%c3%abl" class="refinement-btn ">
                        <div class="ct-form-checkbox">
                        <input id="Emile Noël" type="checkbox" title="">
                        <label class="ct-form-check-label" for="Emile Noël">
                        Emile Noël <span class="hit-count">(1)</span>
                        </label>
                        <span class="checkmark"></span>
                        </div>
                        <span class="sr-only selected-assistive-text">
                        Refine by Marcas: Emile Noël
                        </span>
                        </button>
                        </li>
                        <li class="refinement-value hide-refinement  ">
                        <button data-href="/on/demandware.store/Sites-continente-Site/default/Search-ShowAjax?cgid=mercearias&amp;pmin=0%2e01&amp;prefn1=brand&amp;prefv1=Espiga" class="refinement-btn ">
                        <div class="ct-form-checkbox">
                        <input id="Espiga" type="checkbox" title="">
                        <label class="ct-form-check-label" for="Espiga">
                        Espiga <span class="hit-count">(13)</span>
                        </label>
                        <span class="checkmark"></span>
                        </div>
                        <span class="sr-only selected-assistive-text">
                        Refine by Marcas: Espiga
                        </span>
                        </button>
                        </li>
                        <li class="refinement-value hide-refinement  ">
                        <button data-href="/on/demandware.store/Sites-continente-Site/default/Search-ShowAjax?cgid=mercearias&amp;pmin=0%2e01&amp;prefn1=brand&amp;prefv1=Espor%c3%a3o" class="refinement-btn ">
                        <div class="ct-form-checkbox">
                        <input id="Esporão" type="checkbox" title="">
                        <label class="ct-form-check-label" for="Esporão">
                        Esporão <span class="hit-count">(1)</span>
                        </label>
                        <span class="checkmark"></span>
                        </div>
                        <span class="sr-only selected-assistive-text">
                        Refine by Marcas: Esporão
                        </span>
                        </button>
                        </li>
                        <li class="refinement-value hide-refinement  ">
                        <button data-href="/on/demandware.store/Sites-continente-Site/default/Search-ShowAjax?cgid=mercearias&amp;pmin=0%2e01&amp;prefn1=brand&amp;prefv1=Estrelitas" class="refinement-btn ">
                        <div class="ct-form-checkbox">
                        <input id="Estrelitas" type="checkbox" title="">
                        <label class="ct-form-check-label" for="Estrelitas">
                        Estrelitas <span class="hit-count">(4)</span>
                        </label>
                        <span class="checkmark"></span>
                        </div>
                        <span class="sr-only selected-assistive-text">
                        Refine by Marcas: Estrelitas
                        </span>
                        </button>
                        </li>
                        <li class="refinement-value hide-refinement  ">
                        <button data-href="/on/demandware.store/Sites-continente-Site/default/Search-ShowAjax?cgid=mercearias&amp;pmin=0%2e01&amp;prefn1=brand&amp;prefv1=EU%20Nutrition" class="refinement-btn ">
                        <div class="ct-form-checkbox">
                        <input id="EU Nutrition" type="checkbox" title="">
                        <label class="ct-form-check-label" for="EU Nutrition">
                        EU Nutrition <span class="hit-count">(1)</span>
                        </label>
                        <span class="checkmark"></span>
                        </div>
                        <span class="sr-only selected-assistive-text">
                        Refine by Marcas: EU Nutrition
                        </span>
                        </button>
                        </li>
                        <li class="refinement-value hide-refinement  ">
                        <button data-href="/on/demandware.store/Sites-continente-Site/default/Search-ShowAjax?cgid=mercearias&amp;pmin=0%2e01&amp;prefn1=brand&amp;prefv1=Fabridoce" class="refinement-btn ">
                        <div class="ct-form-checkbox">
                        <input id="Fabridoce" type="checkbox" title="">
                        <label class="ct-form-check-label" for="Fabridoce">
                        Fabridoce <span class="hit-count">(1)</span>
                        </label>
                        <span class="checkmark"></span>
                        </div>
                        <span class="sr-only selected-assistive-text">
                        Refine by Marcas: Fabridoce
                        </span>
                        </button>
                        </li>
                        <li class="refinement-value hide-refinement  ">
                        <button data-href="/on/demandware.store/Sites-continente-Site/default/Search-ShowAjax?cgid=mercearias&amp;pmin=0%2e01&amp;prefn1=brand&amp;prefv1=Fabs%20Origin" class="refinement-btn ">
                        <div class="ct-form-checkbox">
                        <input id="Fabs Origin" type="checkbox" title="">
                        <label class="ct-form-check-label" for="Fabs Origin">
                        Fabs Origin <span class="hit-count">(1)</span>
                        </label>
                        <span class="checkmark"></span>
                        </div>
                        <span class="sr-only selected-assistive-text">
                        Refine by Marcas: Fabs Origin
                        </span>
                        </button>
                        </li>
                        <li class="refinement-value hide-refinement  ">
                        <button data-href="/on/demandware.store/Sites-continente-Site/default/Search-ShowAjax?cgid=mercearias&amp;pmin=0%2e01&amp;prefn1=brand&amp;prefv1=Fbp" class="refinement-btn ">
                        <div class="ct-form-checkbox">
                        <input id="Fbp" type="checkbox" title="">
                        <label class="ct-form-check-label" for="Fbp">
                        Fbp <span class="hit-count">(3)</span>
                        </label>
                        <span class="checkmark"></span>
                        </div>
                        <span class="sr-only selected-assistive-text">
                        Refine by Marcas: Fbp
                        </span>
                        </button>
                        </li>
                        <li class="refinement-value hide-refinement  ">
                        <button data-href="/on/demandware.store/Sites-continente-Site/default/Search-ShowAjax?cgid=mercearias&amp;pmin=0%2e01&amp;prefn1=brand&amp;prefv1=Ferbar" class="refinement-btn ">
                        <div class="ct-form-checkbox">
                        <input id="Ferbar" type="checkbox" title="">
                        <label class="ct-form-check-label" for="Ferbar">
                        Ferbar <span class="hit-count">(31)</span>
                        </label>
                        <span class="checkmark"></span>
                        </div>
                        <span class="sr-only selected-assistive-text">
                        Refine by Marcas: Ferbar
                        </span>
                        </button>
                        </li>
                        <li class="refinement-value hide-refinement  ">
                        <button data-href="/on/demandware.store/Sites-continente-Site/default/Search-ShowAjax?cgid=mercearias&amp;pmin=0%2e01&amp;prefn1=brand&amp;prefv1=Fermipan" class="refinement-btn ">
                        <div class="ct-form-checkbox">
                        <input id="Fermipan" type="checkbox" title="">
                        <label class="ct-form-check-label" for="Fermipan">
                        Fermipan <span class="hit-count">(1)</span>
                        </label>
                        <span class="checkmark"></span>
                        </div>
                        <span class="sr-only selected-assistive-text">
                        Refine by Marcas: Fermipan
                        </span>
                        </button>
                        </li>
                        <li class="refinement-value hide-refinement  ">
                        <button data-href="/on/demandware.store/Sites-continente-Site/default/Search-ShowAjax?cgid=mercearias&amp;pmin=0%2e01&amp;prefn1=brand&amp;prefv1=Ferrero%20Rocher" class="refinement-btn ">
                        <div class="ct-form-checkbox">
                        <input id="Ferrero Rocher" type="checkbox" title="">
                        <label class="ct-form-check-label" for="Ferrero Rocher">
                        Ferrero Rocher <span class="hit-count">(17)</span>
                        </label>
                        <span class="checkmark"></span>
                        </div>
                        <span class="sr-only selected-assistive-text">
                        Refine by Marcas: Ferrero Rocher
                        </span>
                        </button>
                        </li>
                        <li class="refinement-value hide-refinement  ">
                        <button data-href="/on/demandware.store/Sites-continente-Site/default/Search-ShowAjax?cgid=mercearias&amp;pmin=0%2e01&amp;prefn1=brand&amp;prefv1=Fibre%20One" class="refinement-btn ">
                        <div class="ct-form-checkbox">
                        <input id="Fibre One" type="checkbox" title="">
                        <label class="ct-form-check-label" for="Fibre One">
                        Fibre One <span class="hit-count">(2)</span>
                        </label>
                        <span class="checkmark"></span>
                        </div>
                        <span class="sr-only selected-assistive-text">
                        Refine by Marcas: Fibre One
                        </span>
                        </button>
                        </li>
                        <li class="refinement-value hide-refinement  ">
                        <button data-href="/on/demandware.store/Sites-continente-Site/default/Search-ShowAjax?cgid=mercearias&amp;pmin=0%2e01&amp;prefn1=brand&amp;prefv1=Ficacci" class="refinement-btn ">
                        <div class="ct-form-checkbox">
                        <input id="Ficacci" type="checkbox" title="">
                        <label class="ct-form-check-label" for="Ficacci">
                        Ficacci <span class="hit-count">(4)</span>
                        </label>
                        <span class="checkmark"></span>
                        </div>
                        <span class="sr-only selected-assistive-text">
                        Refine by Marcas: Ficacci
                        </span>
                        </button>
                        </li>
                        <li class="refinement-value hide-refinement  ">
                        <button data-href="/on/demandware.store/Sites-continente-Site/default/Search-ShowAjax?cgid=mercearias&amp;pmin=0%2e01&amp;prefn1=brand&amp;prefv1=Ficolum%c3%a9" class="refinement-btn ">
                        <div class="ct-form-checkbox">
                        <input id="Ficolumé" type="checkbox" title="">
                        <label class="ct-form-check-label" for="Ficolumé">
                        Ficolumé <span class="hit-count">(2)</span>
                        </label>
                        <span class="checkmark"></span>
                        </div>
                        <span class="sr-only selected-assistive-text">
                        Refine by Marcas: Ficolumé
                        </span>
                        </button>
                        </li>
                        <li class="refinement-value hide-refinement  ">
                        <button data-href="/on/demandware.store/Sites-continente-Site/default/Search-ShowAjax?cgid=mercearias&amp;pmin=0%2e01&amp;prefn1=brand&amp;prefv1=Filipinos" class="refinement-btn ">
                        <div class="ct-form-checkbox">
                        <input id="Filipinos" type="checkbox" title="">
                        <label class="ct-form-check-label" for="Filipinos">
                        Filipinos <span class="hit-count">(2)</span>
                        </label>
                        <span class="checkmark"></span>
                        </div>
                        <span class="sr-only selected-assistive-text">
                        Refine by Marcas: Filipinos
                        </span>
                        </button>
                        </li>
                        <li class="refinement-value hide-refinement  ">
                        <button data-href="/on/demandware.store/Sites-continente-Site/default/Search-ShowAjax?cgid=mercearias&amp;pmin=0%2e01&amp;prefn1=brand&amp;prefv1=Fini" class="refinement-btn ">
                        <div class="ct-form-checkbox">
                        <input id="Fini" type="checkbox" title="">
                        <label class="ct-form-check-label" for="Fini">
                        Fini <span class="hit-count">(4)</span>
                        </label>
                        <span class="checkmark"></span>
                        </div>
                        <span class="sr-only selected-assistive-text">
                        Refine by Marcas: Fini
                        </span>
                        </button>
                        </li>
                        <li class="refinement-value hide-refinement  ">
                        <button data-href="/on/demandware.store/Sites-continente-Site/default/Search-ShowAjax?cgid=mercearias&amp;pmin=0%2e01&amp;prefn1=brand&amp;prefv1=Fiorentini" class="refinement-btn ">
                        <div class="ct-form-checkbox">
                        <input id="Fiorentini" type="checkbox" title="">
                        <label class="ct-form-check-label" for="Fiorentini">
                        Fiorentini <span class="hit-count">(7)</span>
                        </label>
                        <span class="checkmark"></span>
                        </div>
                        <span class="sr-only selected-assistive-text">
                        Refine by Marcas: Fiorentini
                        </span>
                        </button>
                        </li>
                        <li class="refinement-value hide-refinement  ">
                        <button data-href="/on/demandware.store/Sites-continente-Site/default/Search-ShowAjax?cgid=mercearias&amp;pmin=0%2e01&amp;prefn1=brand&amp;prefv1=Fitness" class="refinement-btn ">
                        <div class="ct-form-checkbox">
                        <input id="Fitness" type="checkbox" title="">
                        <label class="ct-form-check-label" for="Fitness">
                        Fitness <span class="hit-count">(20)</span>
                        </label>
                        <span class="checkmark"></span>
                        </div>
                        <span class="sr-only selected-assistive-text">
                        Refine by Marcas: Fitness
                        </span>
                        </button>
                        </li>
                        <li class="refinement-value hide-refinement  ">
                        <button data-href="/on/demandware.store/Sites-continente-Site/default/Search-ShowAjax?cgid=mercearias&amp;pmin=0%2e01&amp;prefn1=brand&amp;prefv1=Flora%20Mundial" class="refinement-btn ">
                        <div class="ct-form-checkbox">
                        <input id="Flora Mundial" type="checkbox" title="">
                        <label class="ct-form-check-label" for="Flora Mundial">
                        Flora Mundial <span class="hit-count">(2)</span>
                        </label>
                        <span class="checkmark"></span>
                        </div>
                        <span class="sr-only selected-assistive-text">
                        Refine by Marcas: Flora Mundial
                        </span>
                        </button>
                        </li>
                        <li class="refinement-value hide-refinement  ">
                        <button data-href="/on/demandware.store/Sites-continente-Site/default/Search-ShowAjax?cgid=mercearias&amp;pmin=0%2e01&amp;prefn1=brand&amp;prefv1=Forma%2b" class="refinement-btn ">
                        <div class="ct-form-checkbox">
                        <input id="Forma+" type="checkbox" title="">
                        <label class="ct-form-check-label" for="Forma+">
                        Forma+ <span class="hit-count">(2)</span>
                        </label>
                        <span class="checkmark"></span>
                        </div>
                        <span class="sr-only selected-assistive-text">
                        Refine by Marcas: Forma+
                        </span>
                        </button>
                        </li>
                        <li class="refinement-value hide-refinement  ">
                        <button data-href="/on/demandware.store/Sites-continente-Site/default/Search-ShowAjax?cgid=mercearias&amp;pmin=0%2e01&amp;prefn1=brand&amp;prefv1=Frigi" class="refinement-btn ">
                        <div class="ct-form-checkbox">
                        <input id="Frigi" type="checkbox" title="">
                        <label class="ct-form-check-label" for="Frigi">
                        Frigi <span class="hit-count">(1)</span>
                        </label>
                        <span class="checkmark"></span>
                        </div>
                        <span class="sr-only selected-assistive-text">
                        Refine by Marcas: Frigi
                        </span>
                        </button>
                        </li>
                        <li class="refinement-value hide-refinement  ">
                        <button data-href="/on/demandware.store/Sites-continente-Site/default/Search-ShowAjax?cgid=mercearias&amp;pmin=0%2e01&amp;prefn1=brand&amp;prefv1=Frubis" class="refinement-btn ">
                        <div class="ct-form-checkbox">
                        <input id="Frubis" type="checkbox" title="">
                        <label class="ct-form-check-label" for="Frubis">
                        Frubis <span class="hit-count">(4)</span>
                        </label>
                        <span class="checkmark"></span>
                        </div>
                        <span class="sr-only selected-assistive-text">
                        Refine by Marcas: Frubis
                        </span>
                        </button>
                        </li>
                        <li class="refinement-value hide-refinement  ">
                        <button data-href="/on/demandware.store/Sites-continente-Site/default/Search-ShowAjax?cgid=mercearias&amp;pmin=0%2e01&amp;prefn1=brand&amp;prefv1=Frusel" class="refinement-btn ">
                        <div class="ct-form-checkbox">
                        <input id="Frusel" type="checkbox" title="">
                        <label class="ct-form-check-label" for="Frusel">
                        Frusel <span class="hit-count">(1)</span>
                        </label>
                        <span class="checkmark"></span>
                        </div>
                        <span class="sr-only selected-assistive-text">
                        Refine by Marcas: Frusel
                        </span>
                        </button>
                        </li>
                        <li class="refinement-value hide-refinement  ">
                        <button data-href="/on/demandware.store/Sites-continente-Site/default/Search-ShowAjax?cgid=mercearias&amp;pmin=0%2e01&amp;prefn1=brand&amp;prefv1=Frutogal" class="refinement-btn ">
                        <div class="ct-form-checkbox">
                        <input id="Frutogal" type="checkbox" title="">
                        <label class="ct-form-check-label" for="Frutogal">
                        Frutogal <span class="hit-count">(1)</span>
                        </label>
                        <span class="checkmark"></span>
                        </div>
                        <span class="sr-only selected-assistive-text">
                        Refine by Marcas: Frutogal
                        </span>
                        </button>
                        </li>
                        <li class="refinement-value hide-refinement  ">
                        <button data-href="/on/demandware.store/Sites-continente-Site/default/Search-ShowAjax?cgid=mercearias&amp;pmin=0%2e01&amp;prefn1=brand&amp;prefv1=Frutta%20Nature" class="refinement-btn ">
                        <div class="ct-form-checkbox">
                        <input id="Frutta Nature" type="checkbox" title="">
                        <label class="ct-form-check-label" for="Frutta Nature">
                        Frutta Nature <span class="hit-count">(1)</span>
                        </label>
                        <span class="checkmark"></span>
                        </div>
                        <span class="sr-only selected-assistive-text">
                        Refine by Marcas: Frutta Nature
                        </span>
                        </button>
                        </li>
                        <li class="refinement-value hide-refinement  ">
                        <button data-href="/on/demandware.store/Sites-continente-Site/default/Search-ShowAjax?cgid=mercearias&amp;pmin=0%2e01&amp;prefn1=brand&amp;prefv1=Fruut" class="refinement-btn ">
                        <div class="ct-form-checkbox">
                        <input id="Fruut" type="checkbox" title="">
                        <label class="ct-form-check-label" for="Fruut">
                        Fruut <span class="hit-count">(3)</span>
                        </label>
                        <span class="checkmark"></span>
                        </div>
                        <span class="sr-only selected-assistive-text">
                        Refine by Marcas: Fruut
                        </span>
                        </button>
                        </li>
                        <li class="refinement-value hide-refinement  ">
                        <button data-href="/on/demandware.store/Sites-continente-Site/default/Search-ShowAjax?cgid=mercearias&amp;pmin=0%2e01&amp;prefn1=brand&amp;prefv1=Fula" class="refinement-btn ">
                        <div class="ct-form-checkbox">
                        <input id="Fula" type="checkbox" title="">
                        <label class="ct-form-check-label" for="Fula">
                        Fula <span class="hit-count">(9)</span>
                        </label>
                        <span class="checkmark"></span>
                        </div>
                        <span class="sr-only selected-assistive-text">
                        Refine by Marcas: Fula
                        </span>
                        </button>
                        </li>
                        <li class="refinement-value hide-refinement  ">
                        <button data-href="/on/demandware.store/Sites-continente-Site/default/Search-ShowAjax?cgid=mercearias&amp;pmin=0%2e01&amp;prefn1=brand&amp;prefv1=Fuxing" class="refinement-btn ">
                        <div class="ct-form-checkbox">
                        <input id="Fuxing" type="checkbox" title="">
                        <label class="ct-form-check-label" for="Fuxing">
                        Fuxing <span class="hit-count">(1)</span>
                        </label>
                        <span class="checkmark"></span>
                        </div>
                        <span class="sr-only selected-assistive-text">
                        Refine by Marcas: Fuxing
                        </span>
                        </button>
                        </li>
                        <li class="refinement-value hide-refinement  ">
                        <button data-href="/on/demandware.store/Sites-continente-Site/default/Search-ShowAjax?cgid=mercearias&amp;pmin=0%2e01&amp;prefn1=brand&amp;prefv1=G%2e%20S%2e%20Francisco" class="refinement-btn ">
                        <div class="ct-form-checkbox">
                        <input id="G. S. Francisco" type="checkbox" title="">
                        <label class="ct-form-check-label" for="G. S. Francisco">
                        G. S. Francisco <span class="hit-count">(3)</span>
                        </label>
                        <span class="checkmark"></span>
                        </div>
                        <span class="sr-only selected-assistive-text">
                        Refine by Marcas: G. S. Francisco
                        </span>
                        </button>
                        </li>
                        <li class="refinement-value hide-refinement  ">
                        <button data-href="/on/demandware.store/Sites-continente-Site/default/Search-ShowAjax?cgid=mercearias&amp;pmin=0%2e01&amp;prefn1=brand&amp;prefv1=Gallo" class="refinement-btn ">
                        <div class="ct-form-checkbox">
                        <input id="Gallo" type="checkbox" title="">
                        <label class="ct-form-check-label" for="Gallo">
                        Gallo <span class="hit-count">(42)</span>
                        </label>
                        <span class="checkmark"></span>
                        </div>
                        <span class="sr-only selected-assistive-text">
                        Refine by Marcas: Gallo
                        </span>
                        </button>
                        </li>
                        <li class="refinement-value hide-refinement  ">
                        <button data-href="/on/demandware.store/Sites-continente-Site/default/Search-ShowAjax?cgid=mercearias&amp;pmin=0%2e01&amp;prefn1=brand&amp;prefv1=Garden%20Gourmet" class="refinement-btn ">
                        <div class="ct-form-checkbox">
                        <input id="Garden Gourmet" type="checkbox" title="">
                        <label class="ct-form-check-label" for="Garden Gourmet">
                        Garden Gourmet <span class="hit-count">(5)</span>
                        </label>
                        <span class="checkmark"></span>
                        </div>
                        <span class="sr-only selected-assistive-text">
                        Refine by Marcas: Garden Gourmet
                        </span>
                        </button>
                        </li>
                        <li class="refinement-value hide-refinement  ">
                        <button data-href="/on/demandware.store/Sites-continente-Site/default/Search-ShowAjax?cgid=mercearias&amp;pmin=0%2e01&amp;prefn1=brand&amp;prefv1=Garofalo" class="refinement-btn ">
                        <div class="ct-form-checkbox">
                        <input id="Garofalo" type="checkbox" title="">
                        <label class="ct-form-check-label" for="Garofalo">
                        Garofalo <span class="hit-count">(14)</span>
                        </label>
                        <span class="checkmark"></span>
                        </div>
                        <span class="sr-only selected-assistive-text">
                        Refine by Marcas: Garofalo
                        </span>
                        </button>
                        </li>
                        <li class="refinement-value hide-refinement  ">
                        <button data-href="/on/demandware.store/Sites-continente-Site/default/Search-ShowAjax?cgid=mercearias&amp;pmin=0%2e01&amp;prefn1=brand&amp;prefv1=Gelita" class="refinement-btn ">
                        <div class="ct-form-checkbox">
                        <input id="Gelita" type="checkbox" title="">
                        <label class="ct-form-check-label" for="Gelita">
                        Gelita <span class="hit-count">(1)</span>
                        </label>
                        <span class="checkmark"></span>
                        </div>
                        <span class="sr-only selected-assistive-text">
                        Refine by Marcas: Gelita
                        </span>
                        </button>
                        </li>
                        <li class="refinement-value hide-refinement  ">
                        <button data-href="/on/demandware.store/Sites-continente-Site/default/Search-ShowAjax?cgid=mercearias&amp;pmin=0%2e01&amp;prefn1=brand&amp;prefv1=Gerber" class="refinement-btn ">
                        <div class="ct-form-checkbox">
                        <input id="Gerber" type="checkbox" title="">
                        <label class="ct-form-check-label" for="Gerber">
                        Gerber <span class="hit-count">(13)</span>
                        </label>
                        <span class="checkmark"></span>
                        </div>
                         <span class="sr-only selected-assistive-text">
                        Refine by Marcas: Gerber
                        </span>
                        </button>
                        </li>
                        <li class="refinement-value hide-refinement  ">
                        <button data-href="/on/demandware.store/Sites-continente-Site/default/Search-ShowAjax?cgid=mercearias&amp;pmin=0%2e01&amp;prefn1=brand&amp;prefv1=Gesi" class="refinement-btn ">
                        <div class="ct-form-checkbox">
                        <input id="Gesi" type="checkbox" title="">
                        <label class="ct-form-check-label" for="Gesi">
                        Gesi <span class="hit-count">(1)</span>
                        </label>
                        <span class="checkmark"></span>
                        </div>
                        <span class="sr-only selected-assistive-text">
                        Refine by Marcas: Gesi
                        </span>
                        </button>
                        </li>
                        <li class="refinement-value hide-refinement  ">
                        <button data-href="/on/demandware.store/Sites-continente-Site/default/Search-ShowAjax?cgid=mercearias&amp;pmin=0%2e01&amp;prefn1=brand&amp;prefv1=Globo" class="refinement-btn ">
                        <div class="ct-form-checkbox">
                        <input id="Globo" type="checkbox" title="">
                        <label class="ct-form-check-label" for="Globo">
                        Globo <span class="hit-count">(10)</span>
                        </label>
                        <span class="checkmark"></span>
                        </div>
                        <span class="sr-only selected-assistive-text">
                        Refine by Marcas: Globo
                        </span>
                        </button>
                        </li>
                        <li class="refinement-value hide-refinement  ">
                        <button data-href="/on/demandware.store/Sites-continente-Site/default/Search-ShowAjax?cgid=mercearias&amp;pmin=0%2e01&amp;prefn1=brand&amp;prefv1=GoGo%20squeeZ" class="refinement-btn ">
                        <div class="ct-form-checkbox">
                        <input id="GoGo squeeZ" type="checkbox" title="">
                        <label class="ct-form-check-label" for="GoGo squeeZ">
                        GoGo squeeZ <span class="hit-count">(13)</span>
                        </label>
                        <span class="checkmark"></span>
                        </div>
                        <span class="sr-only selected-assistive-text">
                        Refine by Marcas: GoGo squeeZ
                        </span>
                        </button>
                        </li>
                        <li class="refinement-value hide-refinement  ">
                        <button data-href="/on/demandware.store/Sites-continente-Site/default/Search-ShowAjax?cgid=mercearias&amp;pmin=0%2e01&amp;prefn1=brand&amp;prefv1=Golden%20Grahams" class="refinement-btn ">
                        <div class="ct-form-checkbox">
                        <input id="Golden Grahams" type="checkbox" title="">
                        <label class="ct-form-check-label" for="Golden Grahams">
                        Golden Grahams <span class="hit-count">(3)</span>
                        </label>
                        <span class="checkmark"></span>
                        </div>
                        <span class="sr-only selected-assistive-text">
                        Refine by Marcas: Golden Grahams
                        </span>
                        </button>
                        </li>
                        <li class="refinement-value hide-refinement  ">
                        <button data-href="/on/demandware.store/Sites-continente-Site/default/Search-ShowAjax?cgid=mercearias&amp;pmin=0%2e01&amp;prefn1=brand&amp;prefv1=Gold%20Nutrition" class="refinement-btn ">
                        <div class="ct-form-checkbox">
                        <input id="Gold Nutrition" type="checkbox" title="">
                        <label class="ct-form-check-label" for="Gold Nutrition">
                        Gold Nutrition <span class="hit-count">(1)</span>
                        </label>
                        <span class="checkmark"></span>
                        </div>
                        <span class="sr-only selected-assistive-text">
                        Refine by Marcas: Gold Nutrition
                        </span>
                        </button>
                        </li>
                        <li class="refinement-value hide-refinement  ">
                        <button data-href="/on/demandware.store/Sites-continente-Site/default/Search-ShowAjax?cgid=mercearias&amp;pmin=0%2e01&amp;prefn1=brand&amp;prefv1=Gon%c3%a7alos" class="refinement-btn ">
                        <div class="ct-form-checkbox">
                        <input id="Gonçalos" type="checkbox" title="">
                        <label class="ct-form-check-label" for="Gonçalos">
                        Gonçalos <span class="hit-count">(1)</span>
                        </label>
                        <span class="checkmark"></span>
                        </div>
                        <span class="sr-only selected-assistive-text">
                        Refine by Marcas: Gonçalos
                        </span>
                        </button>
                        </li>
                        <li class="refinement-value hide-refinement  ">
                        <button data-href="/on/demandware.store/Sites-continente-Site/default/Search-ShowAjax?cgid=mercearias&amp;pmin=0%2e01&amp;prefn1=brand&amp;prefv1=Go%20Pure" class="refinement-btn ">
                        <div class="ct-form-checkbox">
                        <input id="Go Pure" type="checkbox" title="">
                        <label class="ct-form-check-label" for="Go Pure">
                        Go Pure <span class="hit-count">(2)</span>
                        </label>
                        <span class="checkmark"></span>
                        </div>
                        <span class="sr-only selected-assistive-text">
                        Refine by Marcas: Go Pure
                        </span>
                        </button>
                        </li>
                        <li class="refinement-value hide-refinement  ">
                        <button data-href="/on/demandware.store/Sites-continente-Site/default/Search-ShowAjax?cgid=mercearias&amp;pmin=0%2e01&amp;prefn1=brand&amp;prefv1=Gorila" class="refinement-btn ">
                        <div class="ct-form-checkbox">
                        <input id="Gorila" type="checkbox" title="">
                        <label class="ct-form-check-label" for="Gorila">
                        Gorila <span class="hit-count">(8)</span>
                        </label>
                        <span class="checkmark"></span>
                        </div>
                        <span class="sr-only selected-assistive-text">
                        Refine by Marcas: Gorila
                        </span>
                        </button>
                        </li>
                        <li class="refinement-value hide-refinement  ">
                        <button data-href="/on/demandware.store/Sites-continente-Site/default/Search-ShowAjax?cgid=mercearias&amp;pmin=0%2e01&amp;prefn1=brand&amp;prefv1=Granja%20San%20Francisco" class="refinement-btn ">
                        <div class="ct-form-checkbox">
                        <input id="Granja San Francisco" type="checkbox" title="">
                        <label class="ct-form-check-label" for="Granja San Francisco">
                        Granja San Francisco <span class="hit-count">(2)</span>
                        </label>
                        <span class="checkmark"></span>
                        </div>
                        <span class="sr-only selected-assistive-text">
                        Refine by Marcas: Granja San Francisco
                        </span>
                        </button>
                        </li>
                        <li class="refinement-value hide-refinement  ">
                        <button data-href="/on/demandware.store/Sites-continente-Site/default/Search-ShowAjax?cgid=mercearias&amp;pmin=0%2e01&amp;prefn1=brand&amp;prefv1=Gran%20Pavesi" class="refinement-btn ">
                        <div class="ct-form-checkbox">
                        <input id="Gran Pavesi" type="checkbox" title="">
                        <label class="ct-form-check-label" for="Gran Pavesi">
                        Gran Pavesi <span class="hit-count">(8)</span>
                        </label>
                        <span class="checkmark"></span>
                        </div>
                        <span class="sr-only selected-assistive-text">
                        Refine by Marcas: Gran Pavesi
                        </span>
                        </button>
                        </li>
                        <li class="refinement-value hide-refinement  ">
                        <button data-href="/on/demandware.store/Sites-continente-Site/default/Search-ShowAjax?cgid=mercearias&amp;pmin=0%2e01&amp;prefn1=brand&amp;prefv1=Grefusa" class="refinement-btn ">
                        <div class="ct-form-checkbox">
                        <input id="Grefusa" type="checkbox" title="">
                        <label class="ct-form-check-label" for="Grefusa">
                        Grefusa <span class="hit-count">(1)</span>
                        </label>
                        <span class="checkmark"></span>
                        </div>
                        <span class="sr-only selected-assistive-text">
                        
                        Refine by Marcas: Grefusa
                        </span>
                        </button>
                        </li>
                        <li class="refinement-value hide-refinement  ">
                        <button data-href="/on/demandware.store/Sites-continente-Site/default/Search-ShowAjax?cgid=mercearias&amp;pmin=0%2e01&amp;prefn1=brand&amp;prefv1=Guineas" class="refinement-btn ">
                        <div class="ct-form-checkbox">
                        <input id="Guineas" type="checkbox" title="">
                        <label class="ct-form-check-label" for="Guineas">
                        Guineas <span class="hit-count">(1)</span>
                        </label>
                        <span class="checkmark"></span>
                        </div>
                        <span class="sr-only selected-assistive-text">
                        Refine by Marcas: Guineas
                        </span>
                        </button>
                        </li>
                        <li class="refinement-value hide-refinement  ">
                        <button data-href="/on/demandware.store/Sites-continente-Site/default/Search-ShowAjax?cgid=mercearias&amp;pmin=0%2e01&amp;prefn1=brand&amp;prefv1=Gull%c3%b3n" class="refinement-btn ">
                        <div class="ct-form-checkbox">
                        <input id="Gullón" type="checkbox" title="">
                        <label class="ct-form-check-label" for="Gullón">
                        Gullón <span class="hit-count">(74)</span>
                        </label>
                        <span class="checkmark"></span>
                        </div>
                        <span class="sr-only selected-assistive-text">
                        Refine by Marcas: Gullón
                        </span>
                        </button>
                        </li>
                        <li class="refinement-value hide-refinement  ">
                        <button data-href="/on/demandware.store/Sites-continente-Site/default/Search-ShowAjax?cgid=mercearias&amp;pmin=0%2e01&amp;prefn1=brand&amp;prefv1=Guloso" class="refinement-btn ">
                        <div class="ct-form-checkbox">
                        <input id="Guloso" type="checkbox" title="">
                        <label class="ct-form-check-label" for="Guloso">
                        Guloso <span class="hit-count">(26)</span>
                        </label>
                        <span class="checkmark"></span>
                        </div>
                        <span class="sr-only selected-assistive-text">
                        Refine by Marcas: Guloso
                        </span>
                        </button>
                        </li>
                        <li class="refinement-value hide-refinement  ">
                        <button data-href="/on/demandware.store/Sites-continente-Site/default/Search-ShowAjax?cgid=mercearias&amp;pmin=0%2e01&amp;prefn1=brand&amp;prefv1=Guylian" class="refinement-btn ">
                        <div class="ct-form-checkbox">
                        <input id="Guylian" type="checkbox" title="">
                        <label class="ct-form-check-label" for="Guylian">
                        Guylian <span class="hit-count">(5)</span>
                        </label>
                        <span class="checkmark"></span>
                        </div>
                        <span class="sr-only selected-assistive-text">
                        Refine by Marcas: Guylian
                        </span>
                        </button>
                        </li>
                        <li class="refinement-value hide-refinement  ">
                        <button data-href="/on/demandware.store/Sites-continente-Site/default/Search-ShowAjax?cgid=mercearias&amp;pmin=0%2e01&amp;prefn1=brand&amp;prefv1=Halls" class="refinement-btn ">
                        <div class="ct-form-checkbox">
                        <input id="Halls" type="checkbox" title="">
                        <label class="ct-form-check-label" for="Halls">
                        Halls <span class="hit-count">(20)</span>
                        </label>
                        <span class="checkmark"></span>
                        </div>
                        <span class="sr-only selected-assistive-text">
                        Refine by Marcas: Halls
                        </span>
                        </button>
                        </li>
                        <li class="refinement-value hide-refinement  ">
                        <button data-href="/on/demandware.store/Sites-continente-Site/default/Search-ShowAjax?cgid=mercearias&amp;pmin=0%2e01&amp;prefn1=brand&amp;prefv1=Hamlet" class="refinement-btn ">
                        <div class="ct-form-checkbox">
                        <input id="Hamlet" type="checkbox" title="">
                         <label class="ct-form-check-label" for="Hamlet">
                        Hamlet <span class="hit-count">(2)</span>
                        </label>
                        <span class="checkmark"></span>
                        </div>
                        <span class="sr-only selected-assistive-text">
                        Refine by Marcas: Hamlet
                        </span>
                        </button>
                        </li>
                        <li class="refinement-value hide-refinement  ">
                        <button data-href="/on/demandware.store/Sites-continente-Site/default/Search-ShowAjax?cgid=mercearias&amp;pmin=0%2e01&amp;prefn1=brand&amp;prefv1=Happyflora" class="refinement-btn ">
                        <div class="ct-form-checkbox">
                        <input id="Happyflora" type="checkbox" title="">
                        <label class="ct-form-check-label" for="Happyflora">
                        Happyflora <span class="hit-count">(22)</span>
                        </label>
                        <span class="checkmark"></span>
                        </div>
                        <span class="sr-only selected-assistive-text">
                        Refine by Marcas: Happyflora
                        </span>
                        </button>
                        </li>
                        <li class="refinement-value hide-refinement  ">
                        <button data-href="/on/demandware.store/Sites-continente-Site/default/Search-ShowAjax?cgid=mercearias&amp;pmin=0%2e01&amp;prefn1=brand&amp;prefv1=Haribo" class="refinement-btn ">
                        <div class="ct-form-checkbox">
                        <input id="Haribo" type="checkbox" title="">
                        <label class="ct-form-check-label" for="Haribo">
                        Haribo <span class="hit-count">(11)</span>
                        </label>
                        <span class="checkmark"></span>
                        </div>
                        <span class="sr-only selected-assistive-text">
                        Refine by Marcas: Haribo
                        </span>
                        </button>
                        </li>
                        <li class="refinement-value hide-refinement  ">
                        <button data-href="/on/demandware.store/Sites-continente-Site/default/Search-ShowAjax?cgid=mercearias&amp;pmin=0%2e01&amp;prefn1=brand&amp;prefv1=Harina%20Pan" class="refinement-btn ">
                        <div class="ct-form-checkbox">
                        <input id="Harina Pan" type="checkbox" title="">
                        <label class="ct-form-check-label" for="Harina Pan">
                        Harina Pan <span class="hit-count">(1)</span>
                        </label>
                        <span class="checkmark"></span>
                        </div>
                        <span class="sr-only selected-assistive-text">
                        Refine by Marcas: Harina Pan
                        </span>
                        </button>
                        </li>
                        <li class="refinement-value hide-refinement  ">
                        <button data-href="/on/demandware.store/Sites-continente-Site/default/Search-ShowAjax?cgid=mercearias&amp;pmin=0%2e01&amp;prefn1=brand&amp;prefv1=Heinz" class="refinement-btn ">
                        <div class="ct-form-checkbox">
                        <input id="Heinz" type="checkbox" title="">
                        <label class="ct-form-check-label" for="Heinz">
                        Heinz <span class="hit-count">(24)</span>
                        </label>
                        <span class="checkmark"></span>
                        </div>
                        <span class="sr-only selected-assistive-text">
                        Refine by Marcas: Heinz
                        </span>
                        </button>
                        </li>
                        <li class="refinement-value hide-refinement  ">
                        <button data-href="/on/demandware.store/Sites-continente-Site/default/Search-ShowAjax?cgid=mercearias&amp;pmin=0%2e01&amp;prefn1=brand&amp;prefv1=Hellmann%27s" class="refinement-btn ">
                        <div class="ct-form-checkbox">
                        <input id="Hellmann's" type="checkbox" title="">
                        <label class="ct-form-check-label" for="Hellmann's">
                        Hellmann's <span class="hit-count">(11)</span>
                        </label>
                        <span class="checkmark"></span>
                        </div>
                        <span class="sr-only selected-assistive-text">
                        Refine by Marcas: Hellmann's
                        </span>
                        </button>
                        </li>
                        <li class="refinement-value hide-refinement  ">
                        <button data-href="/on/demandware.store/Sites-continente-Site/default/Search-ShowAjax?cgid=mercearias&amp;pmin=0%2e01&amp;prefn1=brand&amp;prefv1=Hengstenberg" class="refinement-btn ">
                        <div class="ct-form-checkbox">
                        <input id="Hengstenberg" type="checkbox" title="">
                        <label class="ct-form-check-label" for="Hengstenberg">
                        Hengstenberg <span class="hit-count">(2)</span>
                        </label>
                        <span class="checkmark"></span>
                        </div>
                        <span class="sr-only selected-assistive-text">
                        Refine by Marcas: Hengstenberg
                        </span>
                        </button>
                        </li>
                        <li class="refinement-value hide-refinement  ">
                        <button data-href="/on/demandware.store/Sites-continente-Site/default/Search-ShowAjax?cgid=mercearias&amp;pmin=0%2e01&amp;prefn1=brand&amp;prefv1=Herdade%20do%20Espor%c3%a3o" class="refinement-btn ">
                        <div class="ct-form-checkbox">
                        <input id="Herdade do Esporão" type="checkbox" title="">
                        <label class="ct-form-check-label" for="Herdade do Esporão">
                        Herdade do Esporão <span class="hit-count">(5)</span>
                        </label>
                        <span class="checkmark"></span>
                        </div>
                        <span class="sr-only selected-assistive-text">
                        Refine by Marcas: Herdade do Esporão
                        </span>
                        </button>
                        </li>
                        <li class="refinement-value hide-refinement  ">
                        <button data-href="/on/demandware.store/Sites-continente-Site/default/Search-ShowAjax?cgid=mercearias&amp;pmin=0%2e01&amp;prefn1=brand&amp;prefv1=Herdade%20Figueirinha" class="refinement-btn ">
                        <div class="ct-form-checkbox">
                        <input id="Herdade Figueirinha" type="checkbox" title="">
                        <label class="ct-form-check-label" for="Herdade Figueirinha">
                        Herdade Figueirinha <span class="hit-count">(1)</span>
                        </label>
                        <span class="checkmark"></span>
                        </div>
                        <span class="sr-only selected-assistive-text">
                        Refine by Marcas: Herdade Figueirinha
                        </span>
                        </button>
                        </li>
                        <li class="refinement-value hide-refinement  ">
                        <button data-href="/on/demandware.store/Sites-continente-Site/default/Search-ShowAjax?cgid=mercearias&amp;pmin=0%2e01&amp;prefn1=brand&amp;prefv1=Hero" class="refinement-btn ">
                        <div class="ct-form-checkbox">
                        <input id="Hero" type="checkbox" title="">
                        <label class="ct-form-check-label" for="Hero">
                        Hero <span class="hit-count">(3)</span>
                        </label>
                        <span class="checkmark"></span>
                        </div>
                        <span class="sr-only selected-assistive-text">
                        Refine by Marcas: Hero
                        </span>
                        </button>
                        </li>
                        <li class="refinement-value hide-refinement  ">
                        <button data-href="/on/demandware.store/Sites-continente-Site/default/Search-ShowAjax?cgid=mercearias&amp;pmin=0%2e01&amp;prefn1=brand&amp;prefv1=Hero%20Baby" class="refinement-btn ">
                        <div class="ct-form-checkbox">
                        <input id="Hero Baby" type="checkbox" title="">
                        <label class="ct-form-check-label" for="Hero Baby">
                        Hero Baby <span class="hit-count">(17)</span>
                        </label>
                        <span class="checkmark"></span>
                        </div>
                        <span class="sr-only selected-assistive-text">
                        Refine by Marcas: Hero Baby
                        </span>
                        </button>
                        </li>
                        <li class="refinement-value hide-refinement  ">
                        <button data-href="/on/demandware.store/Sites-continente-Site/default/Search-ShowAjax?cgid=mercearias&amp;pmin=0%2e01&amp;prefn1=brand&amp;prefv1=Hero%20Solo" class="refinement-btn ">
                        <div class="ct-form-checkbox">
                        <input id="Hero Solo" type="checkbox" title="">
                        <label class="ct-form-check-label" for="Hero Solo">
                        Hero Solo <span class="hit-count">(11)</span>
                        </label>
                        <span class="checkmark"></span>
                        </div>
                        <span class="sr-only selected-assistive-text">
                        Refine by Marcas: Hero Solo
                        </span>
                        </button>
                        </li>
                        <li class="refinement-value hide-refinement  ">
                        <button data-href="/on/demandware.store/Sites-continente-Site/default/Search-ShowAjax?cgid=mercearias&amp;pmin=0%2e01&amp;prefn1=brand&amp;prefv1=Hillfield" class="refinement-btn ">
                        <div class="ct-form-checkbox">
                        <input id="Hillfield" type="checkbox" title="">
                        <label class="ct-form-check-label" for="Hillfield">
                        Hillfield <span class="hit-count">(1)</span>
                        </label>
                        <span class="checkmark"></span>
                        </div>
                        <span class="sr-only selected-assistive-text">
                        Refine by Marcas: Hillfield
                        </span>
                        </button>
                        </li>
                        <li class="refinement-value hide-refinement  ">
                        <button data-href="/on/demandware.store/Sites-continente-Site/default/Search-ShowAjax?cgid=mercearias&amp;pmin=0%2e01&amp;prefn1=brand&amp;prefv1=Ibersal" class="refinement-btn ">
                        <div class="ct-form-checkbox">
                        <input id="Ibersal" type="checkbox" title="">
                        <label class="ct-form-check-label" for="Ibersal">
                        Ibersal <span class="hit-count">(2)</span>
                        </label>
                        <span class="checkmark"></span>
                        </div>
                        <span class="sr-only selected-assistive-text">
                        Refine by Marcas: Ibersal
                        </span>
                        </button>
                        </li>
                        <li class="refinement-value hide-refinement  ">
                        <button data-href="/on/demandware.store/Sites-continente-Site/default/Search-ShowAjax?cgid=mercearias&amp;pmin=0%2e01&amp;prefn1=brand&amp;prefv1=Illy" class="refinement-btn ">
                        <div class="ct-form-checkbox">
                        <input id="Illy" type="checkbox" title="">
                        <label class="ct-form-check-label" for="Illy">
                        Illy <span class="hit-count">(4)</span>
                        </label>
                        <span class="checkmark"></span>
                        </div>
                        <span class="sr-only selected-assistive-text">
                        Refine by Marcas: Illy
                        </span>
                        </button>
                        </li>
                        <li class="refinement-value hide-refinement  ">
                        <button data-href="/on/demandware.store/Sites-continente-Site/default/Search-ShowAjax?cgid=mercearias&amp;pmin=0%2e01&amp;prefn1=brand&amp;prefv1=Incopil" class="refinement-btn ">
                        <div class="ct-form-checkbox">
                        <input id="Incopil" type="checkbox" title="">
                        <label class="ct-form-check-label" for="Incopil">
                        Incopil <span class="hit-count">(1)</span>
                        </label>
                        <span class="checkmark"></span>
                        </div>
                        <span class="sr-only selected-assistive-text">
                        Refine by Marcas: Incopil
                        </span>
                        </button>
                        </li>
                        <li class="refinement-value hide-refinement  ">
                        <button data-href="/on/demandware.store/Sites-continente-Site/default/Search-ShowAjax?cgid=mercearias&amp;pmin=0%2e01&amp;prefn1=brand&amp;prefv1=Inducci" class="refinement-btn ">
                        <div class="ct-form-checkbox">
                        <input id="Inducci" type="checkbox" title="">
                        <label class="ct-form-check-label" for="Inducci">
                        Inducci <span class="hit-count">(2)</span>
                        </label>
                        <span class="checkmark"></span>
                        </div>
                        <span class="sr-only selected-assistive-text">
                        Refine by Marcas: Inducci
                        </span>
                        </button>
                        </li>
                        <li class="refinement-value hide-refinement  ">
                        <button data-href="/on/demandware.store/Sites-continente-Site/default/Search-ShowAjax?cgid=mercearias&amp;pmin=0%2e01&amp;prefn1=brand&amp;prefv1=Interdoces" class="refinement-btn ">
                        <div class="ct-form-checkbox">
                        <input id="Interdoces" type="checkbox" title="">
                        <label class="ct-form-check-label" for="Interdoces">
                        Interdoces <span class="hit-count">(5)</span>
                        </label>
                        <span class="checkmark"></span>
                        </div>
                        <span class="sr-only selected-assistive-text">
                        Refine by Marcas: Interdoces
                        </span>
                        </button>
                        </li>
                        <li class="refinement-value hide-refinement  ">
                        <button data-href="/on/demandware.store/Sites-continente-Site/default/Search-ShowAjax?cgid=mercearias&amp;pmin=0%2e01&amp;prefn1=brand&amp;prefv1=Izidoro" class="refinement-btn ">
                        <div class="ct-form-checkbox">
                        <input id="Izidoro" type="checkbox" title="">
                        <label class="ct-form-check-label" for="Izidoro">
                        Izidoro <span class="hit-count">(26)</span>
                        </label>
                        <span class="checkmark"></span>
                        </div>
                        <span class="sr-only selected-assistive-text">
                        Refine by Marcas: Izidoro
                        </span>
                        </button>
                        </li>
                        <li class="refinement-value hide-refinement  ">
                        <button data-href="/on/demandware.store/Sites-continente-Site/default/Search-ShowAjax?cgid=mercearias&amp;pmin=0%2e01&amp;prefn1=brand&amp;prefv1=Jacobs" class="refinement-btn ">
                        <div class="ct-form-checkbox">
                        <input id="Jacobs" type="checkbox" title="">
                        <label class="ct-form-check-label" for="Jacobs">
                        Jacobs <span class="hit-count">(1)</span>
                        </label>
                        <span class="checkmark"></span>
                        </div>
                        <span class="sr-only selected-assistive-text">
                        Refine by Marcas: Jacobs
                        </span>
                        </button>
                        </li>
                        <li class="refinement-value hide-refinement  ">
                        <button data-href="/on/demandware.store/Sites-continente-Site/default/Search-ShowAjax?cgid=mercearias&amp;pmin=0%2e01&amp;prefn1=brand&amp;prefv1=Jacquot" class="refinement-btn ">
                        <div class="ct-form-checkbox">
                        <input id="Jacquot" type="checkbox" title="">
                        <label class="ct-form-check-label" for="Jacquot">
                        Jacquot <span class="hit-count">(8)</span>
                        </label>
                        <span class="checkmark"></span>
                        </div>
                        <span class="sr-only selected-assistive-text">
                        Refine by Marcas: Jacquot
                        </span>
                        </button>
                        </li>
                        <li class="refinement-value hide-refinement  ">
                        <button data-href="/on/demandware.store/Sites-continente-Site/default/Search-ShowAjax?cgid=mercearias&amp;pmin=0%2e01&amp;prefn1=brand&amp;prefv1=Jer%c3%b3nimos" class="refinement-btn ">
                        <div class="ct-form-checkbox">
                        <input id="Jerónimos" type="checkbox" title="">
                        <label class="ct-form-check-label" for="Jerónimos">
                        Jerónimos <span class="hit-count">(9)</span>
                        </label>
                        <span class="checkmark"></span>
                        </div>
                        <span class="sr-only selected-assistive-text">
                        Refine by Marcas: Jerónimos
                        </span>
                        </button>
                        </li>
                        <li class="refinement-value hide-refinement  ">
                        <button data-href="/on/demandware.store/Sites-continente-Site/default/Search-ShowAjax?cgid=mercearias&amp;pmin=0%2e01&amp;prefn1=brand&amp;prefv1=Jer%c3%b3nimo%20Valente" class="refinement-btn ">
                        <div class="ct-form-checkbox">
                        <input id="Jerónimo Valente" type="checkbox" title="">
                        <label class="ct-form-check-label" for="Jerónimo Valente">
                        Jerónimo Valente <span class="hit-count">(1)</span>
                        </label>
                        <span class="checkmark"></span>
                        </div>
                        <span class="sr-only selected-assistive-text">
                        Refine by Marcas: Jerónimo Valente
                        </span>
                        </button>
                        </li>
                        <li class="refinement-value hide-refinement  ">
                        <button data-href="/on/demandware.store/Sites-continente-Site/default/Search-ShowAjax?cgid=mercearias&amp;pmin=0%2e01&amp;prefn1=brand&amp;prefv1=Jo%c3%a3o%20Franco" class="refinement-btn ">
                        <div class="ct-form-checkbox">
                        <input id="João Franco" type="checkbox" title="">
                        <label class="ct-form-check-label" for="João Franco">
                        João Franco <span class="hit-count">(5)</span>
                        </label>
                        <span class="checkmark"></span>
                        </div>
                        <span class="sr-only selected-assistive-text">
                        Refine by Marcas: João Franco
                        </span>
                        </button>
                        </li>
                        <li class="refinement-value hide-refinement  ">
                        <button data-href="/on/demandware.store/Sites-continente-Site/default/Search-ShowAjax?cgid=mercearias&amp;pmin=0%2e01&amp;prefn1=brand&amp;prefv1=Jubileu" class="refinement-btn ">
                        <div class="ct-form-checkbox">
                        <input id="Jubileu" type="checkbox" title="">
                        <label class="ct-form-check-label" for="Jubileu">
                        Jubileu <span class="hit-count">(13)</span>
                        </label>
                        <span class="checkmark"></span>
                        </div>
                        <span class="sr-only selected-assistive-text">
                        Refine by Marcas: Jubileu
                        </span>
                        </button>
                        </li>
                        <li class="refinement-value hide-refinement  ">
                        <button data-href="/on/demandware.store/Sites-continente-Site/default/Search-ShowAjax?cgid=mercearias&amp;pmin=0%2e01&amp;prefn1=brand&amp;prefv1=Kellogg%27s" class="refinement-btn ">
                        <div class="ct-form-checkbox">
                        <input id="Kellogg's" type="checkbox" title="">
                        <label class="ct-form-check-label" for="Kellogg's">
                        Kellogg's <span class="hit-count">(36)</span>
                        </label>
                        <span class="checkmark"></span>
                        </div>
                        <span class="sr-only selected-assistive-text">
                        Refine by Marcas: Kellogg's
                        </span>
                        </button>
                        </li>
                        <li class="refinement-value hide-refinement  ">
                        <button data-href="/on/demandware.store/Sites-continente-Site/default/Search-ShowAjax?cgid=mercearias&amp;pmin=0%2e01&amp;prefn1=brand&amp;prefv1=Khanum" class="refinement-btn ">
                        <div class="ct-form-checkbox">
                        <input id="Khanum" type="checkbox" title="">
                        <label class="ct-form-check-label" for="Khanum">
                        Khanum <span class="hit-count">(3)</span>
                        </label>
                        <span class="checkmark"></span>
                        </div>
                        <span class="sr-only selected-assistive-text">
                        Refine by Marcas: Khanum
                        </span>
                        </button>
                        </li>
                        <li class="refinement-value hide-refinement  ">
                        <button data-href="/on/demandware.store/Sites-continente-Site/default/Search-ShowAjax?cgid=mercearias&amp;pmin=0%2e01&amp;prefn1=brand&amp;prefv1=Kikkoman" class="refinement-btn ">
                        <div class="ct-form-checkbox">
                        <input id="Kikkoman" type="checkbox" title="">
                        <label class="ct-form-check-label" for="Kikkoman">
                        Kikkoman <span class="hit-count">(8)</span>
                        </label>
                        <span class="checkmark"></span>
                        </div>
                        <span class="sr-only selected-assistive-text">
                        Refine by Marcas: Kikkoman
                        </span>
                        </button>
                        </li>
                        <li class="refinement-value hide-refinement  ">
                        <button data-href="/on/demandware.store/Sites-continente-Site/default/Search-ShowAjax?cgid=mercearias&amp;pmin=0%2e01&amp;prefn1=brand&amp;prefv1=Kinder" class="refinement-btn ">
                        <div class="ct-form-checkbox">
                        <input id="Kinder" type="checkbox" title="">
                        <label class="ct-form-check-label" for="Kinder">
                        Kinder <span class="hit-count">(30)</span>
                        </label>
                        <span class="checkmark"></span>
                        </div>
                        <span class="sr-only selected-assistive-text">
                        Refine by Marcas: Kinder
                        </span>
                        </button>
                        </li>
                        <li class="refinement-value hide-refinement  ">
                        <button data-href="/on/demandware.store/Sites-continente-Site/default/Search-ShowAjax?cgid=mercearias&amp;pmin=0%2e01&amp;prefn1=brand&amp;prefv1=Kit%20Kat" class="refinement-btn ">
                        <div class="ct-form-checkbox">
                        <input id="Kit Kat" type="checkbox" title="">
                        <label class="ct-form-check-label" for="Kit Kat">
                        Kit Kat <span class="hit-count">(24)</span>
                        </label>
                        <span class="checkmark"></span>
                        </div>
                        <span class="sr-only selected-assistive-text">
                        Refine by Marcas: Kit Kat
                        </span>
                        </button>
                        </li>
                        <li class="refinement-value hide-refinement  ">
                        <button data-href="/on/demandware.store/Sites-continente-Site/default/Search-ShowAjax?cgid=mercearias&amp;pmin=0%2e01&amp;prefn1=brand&amp;prefv1=Knorr" class="refinement-btn ">
                        <div class="ct-form-checkbox">
                        <input id="Knorr" type="checkbox" title="">
                        <label class="ct-form-check-label" for="Knorr">
                        Knorr <span class="hit-count">(78)</span>
                        </label>
                        <span class="checkmark"></span>
                        </div>
                        <span class="sr-only selected-assistive-text">
                        Refine by Marcas: Knorr
                        </span>
                        </button>
                        </li>
                        <li class="refinement-value hide-refinement  ">
                        <button data-href="/on/demandware.store/Sites-continente-Site/default/Search-ShowAjax?cgid=mercearias&amp;pmin=0%2e01&amp;prefn1=brand&amp;prefv1=Koala" class="refinement-btn ">
                        <div class="ct-form-checkbox">
                        <input id="Koala" type="checkbox" title="">
                        <label class="ct-form-check-label" for="Koala">
                        Koala <span class="hit-count">(39)</span>
                        </label>
                        <span class="checkmark"></span>
                        </div>
                        <span class="sr-only selected-assistive-text">
                        Refine by Marcas: Koala
                        </span>
                        </button>
                        </li>
                        <li class="refinement-value hide-refinement  ">
                        <button data-href="/on/demandware.store/Sites-continente-Site/default/Search-ShowAjax?cgid=mercearias&amp;pmin=0%2e01&amp;prefn1=brand&amp;prefv1=Koka" class="refinement-btn ">
                        <div class="ct-form-checkbox">
                        <input id="Koka" type="checkbox" title="">
                        <label class="ct-form-check-label" for="Koka">
                        Koka <span class="hit-count">(9)</span>
                        </label>
                        <span class="checkmark"></span>
                        </div>
                        <span class="sr-only selected-assistive-text">
                        Refine by Marcas: Koka
                        </span>
                        </button>
                        </li>
                        <li class="refinement-value hide-refinement  ">
                        <button data-href="/on/demandware.store/Sites-continente-Site/default/Search-ShowAjax?cgid=mercearias&amp;pmin=0%2e01&amp;prefn1=brand&amp;prefv1=Ktc" class="refinement-btn ">
                        <div class="ct-form-checkbox">
                        <input id="Ktc" type="checkbox" title="">
                        <label class="ct-form-check-label" for="Ktc">
                        Ktc <span class="hit-count">(4)</span>
                        </label>
                        <span class="checkmark"></span>
                        </div>
                        <span class="sr-only selected-assistive-text">
                        Refine by Marcas: Ktc
                        </span>
                        </button>
                        </li>
                        <li class="refinement-value hide-refinement  ">
                        <button data-href="/on/demandware.store/Sites-continente-Site/default/Search-ShowAjax?cgid=mercearias&amp;pmin=0%2e01&amp;prefn1=brand&amp;prefv1=Kubo" class="refinement-btn ">
                        <div class="ct-form-checkbox">
                        <input id="Kubo" type="checkbox" title="">
                        <label class="ct-form-check-label" for="Kubo">
                        Kubo <span class="hit-count">(1)</span>
                        </label>
                        <span class="checkmark"></span>
                        </div>
                        <span class="sr-only selected-assistive-text">
                        Refine by Marcas: Kubo
                        </span>
                        </button>
                        </li>
                        <li class="refinement-value hide-refinement  ">
                        <button data-href="/on/demandware.store/Sites-continente-Site/default/Search-ShowAjax?cgid=mercearias&amp;pmin=0%2e01&amp;prefn1=brand&amp;prefv1=K%c3%bchne" class="refinement-btn ">
                        <div class="ct-form-checkbox">
                        <input id="Kühne" type="checkbox" title="">
                        <label class="ct-form-check-label" for="Kühne">
                        Kühne <span class="hit-count">(3)</span>
                        </label>
                        <span class="checkmark"></span>
                        </div>
                        <span class="sr-only selected-assistive-text">
                        Refine by Marcas: Kühne
                        </span>
                        </button>
                        </li>
                        <li class="refinement-value hide-refinement  ">
                        <button data-href="/on/demandware.store/Sites-continente-Site/default/Search-ShowAjax?cgid=mercearias&amp;pmin=0%2e01&amp;prefn1=brand&amp;prefv1=L%27Or" class="refinement-btn ">
                        <div class="ct-form-checkbox">
                        <input id="L'Or" type="checkbox" title="">
                        <label class="ct-form-check-label" for="L'Or">
                        L'Or <span class="hit-count">(20)</span>
                        </label>
                        <span class="checkmark"></span>
                        </div>
                        <span class="sr-only selected-assistive-text">
                        Refine by Marcas: L'Or
                        </span>
                        </button>
                        </li>
                        <li class="refinement-value hide-refinement  ">
                        <button data-href="/on/demandware.store/Sites-continente-Site/default/Search-ShowAjax?cgid=mercearias&amp;pmin=0%2e01&amp;prefn1=brand&amp;prefv1=La%20Bio%20Idea" class="refinement-btn ">
                        <div class="ct-form-checkbox">
                        <input id="La Bio Idea" type="checkbox" title="">
                        <label class="ct-form-check-label" for="La Bio Idea">
                        La Bio Idea <span class="hit-count">(2)</span>
                        </label>
                        <span class="checkmark"></span>
                        </div>
                        <span class="sr-only selected-assistive-text">
                        Refine by Marcas: La Bio Idea
                        </span>
                        </button>
                        </li>
                        <li class="refinement-value hide-refinement  ">
                        <button data-href="/on/demandware.store/Sites-continente-Site/default/Search-ShowAjax?cgid=mercearias&amp;pmin=0%2e01&amp;prefn1=brand&amp;prefv1=Lacasa" class="refinement-btn ">
                        <div class="ct-form-checkbox">
                        <input id="Lacasa" type="checkbox" title="">
                        <label class="ct-form-check-label" for="Lacasa">
                        Lacasa <span class="hit-count">(9)</span>
                        </label>
                        <span class="checkmark"></span>
                        </div>
                        <span class="sr-only selected-assistive-text">
                        Refine by Marcas: Lacasa
                        </span>
                        </button>
                        </li>
                        <li class="refinement-value hide-refinement  ">
                        <button data-href="/on/demandware.store/Sites-continente-Site/default/Search-ShowAjax?cgid=mercearias&amp;pmin=0%2e01&amp;prefn1=brand&amp;prefv1=Lacasitos" class="refinement-btn ">
                        <div class="ct-form-checkbox">
                        <input id="Lacasitos" type="checkbox" title="">
                        <label class="ct-form-check-label" for="Lacasitos">
                        Lacasitos <span class="hit-count">(3)</span>
                        </label>
                        <span class="checkmark"></span>
                        </div>
                        <span class="sr-only selected-assistive-text">
                        Refine by Marcas: Lacasitos
                        </span>
                        </button>
                        </li>
                        <li class="refinement-value hide-refinement  ">
                        <button data-href="/on/demandware.store/Sites-continente-Site/default/Search-ShowAjax?cgid=mercearias&amp;pmin=0%2e01&amp;prefn1=brand&amp;prefv1=Lamolisana" class="refinement-btn ">
                        <div class="ct-form-checkbox">
                        <input id="Lamolisana" type="checkbox" title="">
                        <label class="ct-form-check-label" for="Lamolisana">
                        Lamolisana <span class="hit-count">(1)</span>
                        </label>
                        <span class="checkmark"></span>
                        </div>
                        <span class="sr-only selected-assistive-text">
                        Refine by Marcas: Lamolisana
                        </span>
                        </button>
                        </li>
                        <li class="refinement-value hide-refinement  ">
                        <button data-href="/on/demandware.store/Sites-continente-Site/default/Search-ShowAjax?cgid=mercearias&amp;pmin=0%2e01&amp;prefn1=brand&amp;prefv1=La%20Molisana" class="refinement-btn ">
                        <div class="ct-form-checkbox">
                        <input id="La Molisana" type="checkbox" title="">
                        <label class="ct-form-check-label" for="La Molisana">
                        La Molisana <span class="hit-count">(16)</span>
                        </label>
                        <span class="checkmark"></span>
                        </div>
                        <span class="sr-only selected-assistive-text">
                        Refine by Marcas: La Molisana
                        </span>
                        </button>
                        </li>
                        <li class="refinement-value hide-refinement  ">
                        <button data-href="/on/demandware.store/Sites-continente-Site/default/Search-ShowAjax?cgid=mercearias&amp;pmin=0%2e01&amp;prefn1=brand&amp;prefv1=La%20Piara" class="refinement-btn ">
                        <div class="ct-form-checkbox">
                        <input id="La Piara" type="checkbox" title="">
                        <label class="ct-form-check-label" for="La Piara">
                        La Piara <span class="hit-count">(16)</span>
                        </label>
                        <span class="checkmark"></span>
                        </div>
                        <span class="sr-only selected-assistive-text">
                        Refine by Marcas: La Piara
                        </span>
                        </button>
                        </li>
                        <li class="refinement-value hide-refinement  ">
                        <button data-href="/on/demandware.store/Sites-continente-Site/default/Search-ShowAjax?cgid=mercearias&amp;pmin=0%2e01&amp;prefn1=brand&amp;prefv1=Larroche" class="refinement-btn ">
                        <div class="ct-form-checkbox">
                        <input id="Larroche" type="checkbox" title="">
                        <label class="ct-form-check-label" for="Larroche">
                        Larroche <span class="hit-count">(1)</span>
                        </label>
                        <span class="checkmark"></span>
                        </div>
                        <span class="sr-only selected-assistive-text">
                        Refine by Marcas: Larroche
                        </span>
                        </button>
                        </li>
                        <li class="refinement-value hide-refinement  ">
                        <button data-href="/on/demandware.store/Sites-continente-Site/default/Search-ShowAjax?cgid=mercearias&amp;pmin=0%2e01&amp;prefn1=brand&amp;prefv1=Lavazza" class="refinement-btn ">
                        <div class="ct-form-checkbox">
                        <input id="Lavazza" type="checkbox" title="">
                        <label class="ct-form-check-label" for="Lavazza">
                        Lavazza <span class="hit-count">(16)</span>
                        </label>
                        <span class="checkmark"></span>
                        </div>
                        <span class="sr-only selected-assistive-text">
                        Refine by Marcas: Lavazza
                        </span>
                        </button>
                        </li>
                        <li class="refinement-value hide-refinement  ">
                        <button data-href="/on/demandware.store/Sites-continente-Site/default/Search-ShowAjax?cgid=mercearias&amp;pmin=0%2e01&amp;prefn1=brand&amp;prefv1=La%20Vida%20Vegan" class="refinement-btn ">
                        <div class="ct-form-checkbox">
                        <input id="La Vida Vegan" type="checkbox" title="">
                        <label class="ct-form-check-label" for="La Vida Vegan">
                        La Vida Vegan <span class="hit-count">(2)</span>
                        </label>
                        <span class="checkmark"></span>
                        </div>
                        <span class="sr-only selected-assistive-text">
                        Refine by Marcas: La Vida Vegan
                        </span>
                        </button>
                        </li>
                        <li class="refinement-value hide-refinement  ">
                        <button data-href="/on/demandware.store/Sites-continente-Site/default/Search-ShowAjax?cgid=mercearias&amp;pmin=0%2e01&amp;prefn1=brand&amp;prefv1=Lay%27s" class="refinement-btn ">
                        <div class="ct-form-checkbox">
                        <input id="Lay's" type="checkbox" title="">
                        <label class="ct-form-check-label" for="Lay's">
                        Lay's <span class="hit-count">(16)</span>
                        </label>
                        <span class="checkmark"></span>
                        </div>
                        <span class="sr-only selected-assistive-text">
                        Refine by Marcas: Lay's
                        </span>
                        </button>
                        </li>
                        <li class="refinement-value hide-refinement  ">
                        <button data-href="/on/demandware.store/Sites-continente-Site/default/Search-ShowAjax?cgid=mercearias&amp;pmin=0%2e01&amp;prefn1=brand&amp;prefv1=Lay%27s%20Gourmet" class="refinement-btn ">
                        <div class="ct-form-checkbox">
                        <input id="Lay's Gourmet" type="checkbox" title="">
                        <label class="ct-form-check-label" for="Lay's Gourmet">
                        Lay's Gourmet <span class="hit-count">(2)</span>
                        </label>
                        <span class="checkmark"></span>
                        </div>
                        <span class="sr-only selected-assistive-text">
                        Refine by Marcas: Lay's Gourmet
                        </span>
                        </button>
                        </li>
                        <li class="refinement-value hide-refinement  ">
                        <button data-href="/on/demandware.store/Sites-continente-Site/default/Search-ShowAjax?cgid=mercearias&amp;pmin=0%2e01&amp;prefn1=brand&amp;prefv1=Lee%20Kum%20Kee" class="refinement-btn ">
                        <div class="ct-form-checkbox">
                        <input id="Lee Kum Kee" type="checkbox" title="">
                        <label class="ct-form-check-label" for="Lee Kum Kee">
                        Lee Kum Kee <span class="hit-count">(4)</span>
                        </label>
                        <span class="checkmark"></span>
                        </div>
                        <span class="sr-only selected-assistive-text">
                        Refine by Marcas: Lee Kum Kee
                        </span>
                        </button>
                        </li>
                        <li class="refinement-value hide-refinement  ">
                        <button data-href="/on/demandware.store/Sites-continente-Site/default/Search-ShowAjax?cgid=mercearias&amp;pmin=0%2e01&amp;prefn1=brand&amp;prefv1=Leibniz" class="refinement-btn ">
                        <div class="ct-form-checkbox">
                        <input id="Leibniz" type="checkbox" title="">
                        <label class="ct-form-check-label" for="Leibniz">
                        Leibniz <span class="hit-count">(2)</span>
                        </label>
                        <span class="checkmark"></span>
                        </div>
                        <span class="sr-only selected-assistive-text">
                        Refine by Marcas: Leibniz
                        </span>
                        </button>
                        </li>
                        <li class="refinement-value hide-refinement  ">
                        <button data-href="/on/demandware.store/Sites-continente-Site/default/Search-ShowAjax?cgid=mercearias&amp;pmin=0%2e01&amp;prefn1=brand&amp;prefv1=Lekha" class="refinement-btn ">
                        <div class="ct-form-checkbox">
                        <input id="Lekha" type="checkbox" title="">
                        <label class="ct-form-check-label" for="Lekha">
                        Lekha <span class="hit-count">(2)</span>
                        </label>
                        <span class="checkmark"></span>
                        </div>
                        <span class="sr-only selected-assistive-text">
                        Refine by Marcas: Lekha
                        </span>
                        </button>
                        </li>
                        <li class="refinement-value hide-refinement  ">
                        <button data-href="/on/demandware.store/Sites-continente-Site/default/Search-ShowAjax?cgid=mercearias&amp;pmin=0%2e01&amp;prefn1=brand&amp;prefv1=Le%20Pain%20Fleurs" class="refinement-btn ">
                        <div class="ct-form-checkbox">
                        <input id="Le Pain Fleurs" type="checkbox" title="">
                        <label class="ct-form-check-label" for="Le Pain Fleurs">
                        Le Pain Fleurs <span class="hit-count">(1)</span>
                        </label>
                        <span class="checkmark"></span>
                        </div>
                        <span class="sr-only selected-assistive-text">
                        Refine by Marcas: Le Pain Fleurs
                        </span>
                        </button>
                        </li>
                        <li class="refinement-value hide-refinement  ">
                        <button data-href="/on/demandware.store/Sites-continente-Site/default/Search-ShowAjax?cgid=mercearias&amp;pmin=0%2e01&amp;prefn1=brand&amp;prefv1=Lider" class="refinement-btn ">
                        <div class="ct-form-checkbox">
                        <input id="Lider" type="checkbox" title="">
                        <label class="ct-form-check-label" for="Lider">
                        Lider <span class="hit-count">(5)</span>
                        </label>
                        <span class="checkmark"></span>
                        </div>
                        <span class="sr-only selected-assistive-text">
                        Refine by Marcas: Lider
                        </span>
                        </button>
                        </li>
                        <li class="refinement-value hide-refinement  ">
                        <button data-href="/on/demandware.store/Sites-continente-Site/default/Search-ShowAjax?cgid=mercearias&amp;pmin=0%2e01&amp;prefn1=brand&amp;prefv1=Lindt" class="refinement-btn ">
                        <div class="ct-form-checkbox">
                        <input id="Lindt" type="checkbox" title="">
                        <label class="ct-form-check-label" for="Lindt">
                        Lindt <span class="hit-count">(47)</span>
                        </label>
                        <span class="checkmark"></span>
                        </div>
                        <span class="sr-only selected-assistive-text">
                        Refine by Marcas: Lindt
                        </span>
                        </button>
                        </li>
                        <li class="refinement-value hide-refinement  ">
                        <button data-href="/on/demandware.store/Sites-continente-Site/default/Search-ShowAjax?cgid=mercearias&amp;pmin=0%2e01&amp;prefn1=brand&amp;prefv1=Lion" class="refinement-btn ">
                        <div class="ct-form-checkbox">
                        <input id="Lion" type="checkbox" title="">
                        <label class="ct-form-check-label" for="Lion">
                        Lion <span class="hit-count">(8)</span>
                        </label>
                        <span class="checkmark"></span>
                        </div>
                        <span class="sr-only selected-assistive-text">
                        Refine by Marcas: Lion
                        </span>
                        </button>
                        </li>
                        <li class="refinement-value hide-refinement  ">
                        <button data-href="/on/demandware.store/Sites-continente-Site/default/Search-ShowAjax?cgid=mercearias&amp;pmin=0%2e01&amp;prefn1=brand&amp;prefv1=Lipton" class="refinement-btn ">
                        <div class="ct-form-checkbox">
                        <input id="Lipton" type="checkbox" title="">
                        <label class="ct-form-check-label" for="Lipton">
                        Lipton <span class="hit-count">(41)</span>
                        </label>
                        <span class="checkmark"></span>
                        </div>
                        <span class="sr-only selected-assistive-text">
                        Refine by Marcas: Lipton
                        </span>
                        </button>
                        </li>
                        <li class="refinement-value hide-refinement  ">
                        <button data-href="/on/demandware.store/Sites-continente-Site/default/Search-ShowAjax?cgid=mercearias&amp;pmin=0%2e01&amp;prefn1=brand&amp;prefv1=Loacker" class="refinement-btn ">
                        <div class="ct-form-checkbox">
                        <input id="Loacker" type="checkbox" title="">
                        <label class="ct-form-check-label" for="Loacker">
                        Loacker <span class="hit-count">(8)</span>
                        </label>
                        <span class="checkmark"></span>
                        </div>
                        <span class="sr-only selected-assistive-text">
                        Refine by Marcas: Loacker
                        </span>
                        </button>
                        </li>
                        <li class="refinement-value hide-refinement  ">
                        <button data-href="/on/demandware.store/Sites-continente-Site/default/Search-ShowAjax?cgid=mercearias&amp;pmin=0%2e01&amp;prefn1=brand&amp;prefv1=Lorea" class="refinement-btn ">
                        <div class="ct-form-checkbox">
                        <input id="Lorea" type="checkbox" title="">
                        <label class="ct-form-check-label" for="Lorea">
                        Lorea <span class="hit-count">(2)</span>
                        </label>
                        <span class="checkmark"></span>
                        </div>
                        <span class="sr-only selected-assistive-text">
                        Refine by Marcas: Lorea
                        </span>
                        </button>
                        </li>
                        <li class="refinement-value hide-refinement  ">
                        <button data-href="/on/demandware.store/Sites-continente-Site/default/Search-ShowAjax?cgid=mercearias&amp;pmin=0%2e01&amp;prefn1=brand&amp;prefv1=Lorenz" class="refinement-btn ">
                        <div class="ct-form-checkbox">
                        <input id="Lorenz" type="checkbox" title="">
                        <label class="ct-form-check-label" for="Lorenz">
                        Lorenz <span class="hit-count">(1)</span>
                        </label>
                        <span class="checkmark"></span>
                        </div>
                        <span class="sr-only selected-assistive-text">
                        Refine by Marcas: Lorenz
                        </span>
                        </button>
                        </li>
                        <li class="refinement-value hide-refinement  ">
                        <button data-href="/on/demandware.store/Sites-continente-Site/default/Search-ShowAjax?cgid=mercearias&amp;pmin=0%2e01&amp;prefn1=brand&amp;prefv1=Lotus" class="refinement-btn ">
                        <div class="ct-form-checkbox">
                        <input id="Lotus" type="checkbox" title="">
                        <label class="ct-form-check-label" for="Lotus">
                        Lotus <span class="hit-count">(2)</span>
                        </label>
                        <span class="checkmark"></span>
                        </div>
                        <span class="sr-only selected-assistive-text">
                        Refine by Marcas: Lotus
                        </span>
                        </button>
                        </li>
                        <li class="refinement-value hide-refinement  ">
                        <button data-href="/on/demandware.store/Sites-continente-Site/default/Search-ShowAjax?cgid=mercearias&amp;pmin=0%2e01&amp;prefn1=brand&amp;prefv1=Louri%c3%b1o" class="refinement-btn ">
                        <div class="ct-form-checkbox">
                        <input id="Louriño" type="checkbox" title="">
                        <label class="ct-form-check-label" for="Louriño">
                        Louriño <span class="hit-count">(1)</span>
                        </label>
                        <span class="checkmark"></span>
                        </div>
                        <span class="sr-only selected-assistive-text">
                        Refine by Marcas: Louriño
                        </span>
                        </button>
                        </li>
                        <li class="refinement-value hide-refinement  ">
                        <button data-href="/on/demandware.store/Sites-continente-Site/default/Search-ShowAjax?cgid=mercearias&amp;pmin=0%2e01&amp;prefn1=brand&amp;prefv1=Loyd" class="refinement-btn ">
                        <div class="ct-form-checkbox">
                        <input id="Loyd" type="checkbox" title="">
                        <label class="ct-form-check-label" for="Loyd">
                        Loyd <span class="hit-count">(3)</span>
                        </label>
                        <span class="checkmark"></span>
                        </div>
                        <span class="sr-only selected-assistive-text">
                        Refine by Marcas: Loyd
                        </span>
                        </button>
                        </li>
                        <li class="refinement-value hide-refinement  ">
                        <button data-href="/on/demandware.store/Sites-continente-Site/default/Search-ShowAjax?cgid=mercearias&amp;pmin=0%2e01&amp;prefn1=brand&amp;prefv1=Lu" class="refinement-btn ">
                        <div class="ct-form-checkbox">
                        <input id="Lu" type="checkbox" title="">
                        <label class="ct-form-check-label" for="Lu">
                        Lu <span class="hit-count">(1)</span>
                        </label>
                        <span class="checkmark"></span>
                        </div>
                        <span class="sr-only selected-assistive-text">
                        Refine by Marcas: Lu
                        </span>
                        </button>
                        </li>
                        <li class="refinement-value hide-refinement  ">
                        <button data-href="/on/demandware.store/Sites-continente-Site/default/Search-ShowAjax?cgid=mercearias&amp;pmin=0%2e01&amp;prefn1=brand&amp;prefv1=Lutti" class="refinement-btn ">
                        <div class="ct-form-checkbox">
                        <input id="Lutti" type="checkbox" title="">
                        <label class="ct-form-check-label" for="Lutti">
                        Lutti <span class="hit-count">(1)</span>
                        </label>
                        <span class="checkmark"></span>
                        </div>
                        <span class="sr-only selected-assistive-text">
                        Refine by Marcas: Lutti
                        </span>
                        </button>
                        </li>
                        <li class="refinement-value hide-refinement  ">
                        <button data-href="/on/demandware.store/Sites-continente-Site/default/Search-ShowAjax?cgid=mercearias&amp;pmin=0%2e01&amp;prefn1=brand&amp;prefv1=M%26M%27s" class="refinement-btn ">
                        <div class="ct-form-checkbox">
                        <input id="M&amp;M's" type="checkbox" title="">
                        <label class="ct-form-check-label" for="M&amp;M's">
                        M&amp;M's <span class="hit-count">(16)</span>
                        </label>
                        <span class="checkmark"></span>
                        </div>
                        <span class="sr-only selected-assistive-text">
                        Refine by Marcas: M&amp;M's
                        </span>
                        </button>
                        </li>
                        <li class="refinement-value hide-refinement  ">
                        <button data-href="/on/demandware.store/Sites-continente-Site/default/Search-ShowAjax?cgid=mercearias&amp;pmin=0%2e01&amp;prefn1=brand&amp;prefv1=Ma%c3%a7arico" class="refinement-btn ">
                        <div class="ct-form-checkbox">
                        <input id="Maçarico" type="checkbox" title="">
                        <label class="ct-form-check-label" for="Maçarico">
                        Maçarico <span class="hit-count">(2)</span>
                        </label>
                        <span class="checkmark"></span>
                        </div>
                        <span class="sr-only selected-assistive-text">
                        Refine by Marcas: Maçarico
                        </span>
                        </button>
                        </li>
                        <li class="refinement-value hide-refinement  ">
                        <button data-href="/on/demandware.store/Sites-continente-Site/default/Search-ShowAjax?cgid=mercearias&amp;pmin=0%2e01&amp;prefn1=brand&amp;prefv1=Madre%20Mia" class="refinement-btn ">
                        <div class="ct-form-checkbox">
                        <input id="Madre Mia" type="checkbox" title="">
                        <label class="ct-form-check-label" for="Madre Mia">
                        Madre Mia <span class="hit-count">(1)</span>
                        </label>
                        <span class="checkmark"></span>
                        </div>
                        <span class="sr-only selected-assistive-text">
                        Refine by Marcas: Madre Mia
                        </span>
                        </button>
                        </li>
                        <li class="refinement-value hide-refinement  ">
                        <button data-href="/on/demandware.store/Sites-continente-Site/default/Search-ShowAjax?cgid=mercearias&amp;pmin=0%2e01&amp;prefn1=brand&amp;prefv1=Maggi" class="refinement-btn ">
                        <div class="ct-form-checkbox">
                        <input id="Maggi" type="checkbox" title="">
                        <label class="ct-form-check-label" for="Maggi">
                        Maggi <span class="hit-count">(15)</span>
                        </label>
                        <span class="checkmark"></span>
                        </div>
                        <span class="sr-only selected-assistive-text">
                        Refine by Marcas: Maggi
                        </span>
                        </button>
                        </li>
                        <li class="refinement-value hide-refinement  ">
                        <button data-href="/on/demandware.store/Sites-continente-Site/default/Search-ShowAjax?cgid=mercearias&amp;pmin=0%2e01&amp;prefn1=brand&amp;prefv1=Maille" class="refinement-btn ">
                        <div class="ct-form-checkbox">
                        <input id="Maille" type="checkbox" title="">
                        <label class="ct-form-check-label" for="Maille">
                        Maille <span class="hit-count">(2)</span>
                        </label>
                        <span class="checkmark"></span>
                        </div>
                        <span class="sr-only selected-assistive-text">
                        Refine by Marcas: Maille
                        </span>
                        </button>
                        </li>
                        <li class="refinement-value hide-refinement  ">
                        <button data-href="/on/demandware.store/Sites-continente-Site/default/Search-ShowAjax?cgid=mercearias&amp;pmin=0%2e01&amp;prefn1=brand&amp;prefv1=Maizena" class="refinement-btn ">
                        <div class="ct-form-checkbox">
                        <input id="Maizena" type="checkbox" title="">
                        <label class="ct-form-check-label" for="Maizena">
                        Maizena <span class="hit-count">(3)</span>
                        </label>
                        <span class="checkmark"></span>
                        </div>
                        <span class="sr-only selected-assistive-text">
                        Refine by Marcas: Maizena
                        </span>
                        </button>
                        </li>
                        <li class="refinement-value hide-refinement  ">
                        <button data-href="/on/demandware.store/Sites-continente-Site/default/Search-ShowAjax?cgid=mercearias&amp;pmin=0%2e01&amp;prefn1=brand&amp;prefv1=Maltesers" class="refinement-btn ">
                        <div class="ct-form-checkbox">
                        <input id="Maltesers" type="checkbox" title="">
                        <label class="ct-form-check-label" for="Maltesers">
                        Maltesers <span class="hit-count">(5)</span>
                        </label>
                        <span class="checkmark"></span>
                        </div>
                        <span class="sr-only selected-assistive-text">
                        Refine by Marcas: Maltesers
                        </span>
                        </button>
                        </li>
                        <li class="refinement-value hide-refinement  ">
                        <button data-href="/on/demandware.store/Sites-continente-Site/default/Search-ShowAjax?cgid=mercearias&amp;pmin=0%2e01&amp;prefn1=brand&amp;prefv1=Manh%c3%a3zitos" class="refinement-btn ">
                        <div class="ct-form-checkbox">
                        <input id="Manhãzitos" type="checkbox" title="">
                        <label class="ct-form-check-label" for="Manhãzitos">
                        Manhãzitos <span class="hit-count">(6)</span>
                        </label>
                        <span class="checkmark"></span>
                        </div>
                        <span class="sr-only selected-assistive-text">
                         Refine by Marcas: Manhãzitos
                        </span>
                        </button>
                        </li>
                        <li class="refinement-value hide-refinement  ">
                        <button data-href="/on/demandware.store/Sites-continente-Site/default/Search-ShowAjax?cgid=mercearias&amp;pmin=0%2e01&amp;prefn1=brand&amp;prefv1=Mani" class="refinement-btn ">
                        <div class="ct-form-checkbox">
                        <input id="Mani" type="checkbox" title="">
                        <label class="ct-form-check-label" for="Mani">
                        Mani <span class="hit-count">(1)</span>
                        </label>
                        <span class="checkmark"></span>
                        </div>
                        <span class="sr-only selected-assistive-text">
                        Refine by Marcas: Mani
                        </span>
                        </button>
                        </li>
                        <li class="refinement-value hide-refinement  ">
                        <button data-href="/on/demandware.store/Sites-continente-Site/default/Search-ShowAjax?cgid=mercearias&amp;pmin=0%2e01&amp;prefn1=brand&amp;prefv1=Mann%c3%a1" class="refinement-btn ">
                        <div class="ct-form-checkbox">
                        <input id="Manná" type="checkbox" title="">
                        <label class="ct-form-check-label" for="Manná">
                        Manná <span class="hit-count">(11)</span>
                        </label>
                        <span class="checkmark"></span>
                        </div>
                        <span class="sr-only selected-assistive-text">
                        Refine by Marcas: Manná
                        </span>
                        </button>
                        </li>
                        <li class="refinement-value hide-refinement  ">
                        <button data-href="/on/demandware.store/Sites-continente-Site/default/Search-ShowAjax?cgid=mercearias&amp;pmin=0%2e01&amp;prefn1=brand&amp;prefv1=Marb%c3%ba" class="refinement-btn ">
                        <div class="ct-form-checkbox">
                        <input id="Marbú" type="checkbox" title="">
                        <label class="ct-form-check-label" for="Marbú">
                        Marbú <span class="hit-count">(1)</span>
                        </label>
                        <span class="checkmark"></span>
                        </div>
                        <span class="sr-only selected-assistive-text">
                        Refine by Marcas: Marbú
                        </span>
                        </button>
                        </li>
                        <li class="refinement-value hide-refinement  ">
                        <button data-href="/on/demandware.store/Sites-continente-Site/default/Search-ShowAjax?cgid=mercearias&amp;pmin=0%2e01&amp;prefn1=brand&amp;prefv1=Marg%c3%a3o" class="refinement-btn ">
                        <div class="ct-form-checkbox">
                        <input id="Margão" type="checkbox" title="">
                        <label class="ct-form-check-label" for="Margão">
                        Margão <span class="hit-count">(113)</span>
                        </label>
                        <span class="checkmark"></span>
                        </div>
                        <span class="sr-only selected-assistive-text">
                        Refine by Marcas: Margão
                        </span>
                        </button>
                        </li>
                        <li class="refinement-value hide-refinement  ">
                        <button data-href="/on/demandware.store/Sites-continente-Site/default/Search-ShowAjax?cgid=mercearias&amp;pmin=0%2e01&amp;prefn1=brand&amp;prefv1=Maria%20Batata" class="refinement-btn ">
                        <div class="ct-form-checkbox">
                        <input id="Maria Batata" type="checkbox" title="">
                        <label class="ct-form-check-label" for="Maria Batata">
                        Maria Batata <span class="hit-count">(3)</span>
                        </label>
                        <span class="checkmark"></span>
                        </div>
                        <span class="sr-only selected-assistive-text">
                        Refine by Marcas: Maria Batata
                        </span>
                        </button>
                        </li>
                        <li class="refinement-value hide-refinement  ">
                        <button data-href="/on/demandware.store/Sites-continente-Site/default/Search-ShowAjax?cgid=mercearias&amp;pmin=0%2e01&amp;prefn1=brand&amp;prefv1=Marnoto" class="refinement-btn ">
                        <div class="ct-form-checkbox">
                        <input id="Marnoto" type="checkbox" title="">
                        <label class="ct-form-check-label" for="Marnoto">
                        Marnoto <span class="hit-count">(2)</span>
                        </label>
                        <span class="checkmark"></span>
                        </div>
                        <span class="sr-only selected-assistive-text">
                        Refine by Marcas: Marnoto
                        </span>
                        </button>
                        </li>
                        <li class="refinement-value hide-refinement  ">
                        <button data-href="/on/demandware.store/Sites-continente-Site/default/Search-ShowAjax?cgid=mercearias&amp;pmin=0%2e01&amp;prefn1=brand&amp;prefv1=Mars" class="refinement-btn ">
                        <div class="ct-form-checkbox">
                        <input id="Mars" type="checkbox" title="">
                        <label class="ct-form-check-label" for="Mars">
                        Mars <span class="hit-count">(4)</span>
                        </label>
                        <span class="checkmark"></span>
                        </div>
                        <span class="sr-only selected-assistive-text">
                        Refine by Marcas: Mars
                        </span>
                        </button>
                        </li>
                        <li class="refinement-value hide-refinement  ">
                        <button data-href="/on/demandware.store/Sites-continente-Site/default/Search-ShowAjax?cgid=mercearias&amp;pmin=0%2e01&amp;prefn1=brand&amp;prefv1=Matutano" class="refinement-btn ">
                        <div class="ct-form-checkbox">
                        <input id="Matutano" type="checkbox" title="">
                        <label class="ct-form-check-label" for="Matutano">
                        Matutano <span class="hit-count">(7)</span>
                        </label>
                        <span class="checkmark"></span>
                        </div>
                        <span class="sr-only selected-assistive-text">
                        Refine by Marcas: Matutano
                        </span>
                        </button>
                        </li>
                        <li class="refinement-value hide-refinement  ">
                        <button data-href="/on/demandware.store/Sites-continente-Site/default/Search-ShowAjax?cgid=mercearias&amp;pmin=0%2e01&amp;prefn1=brand&amp;prefv1=Mauri" class="refinement-btn ">
                        <div class="ct-form-checkbox">
                        <input id="Mauri" type="checkbox" title="">
                        <label class="ct-form-check-label" for="Mauri">
                        Mauri <span class="hit-count">(1)</span>
                        </label>
                        <span class="checkmark"></span>
                        </div>
                        <span class="sr-only selected-assistive-text">
                        Refine by Marcas: Mauri
                        </span>
                        </button>
                        </li>
                        <li class="refinement-value hide-refinement  ">
                        <button data-href="/on/demandware.store/Sites-continente-Site/default/Search-ShowAjax?cgid=mercearias&amp;pmin=0%2e01&amp;prefn1=brand&amp;prefv1=McVitie%27s" class="refinement-btn ">
                        <div class="ct-form-checkbox">
                        <input id="McVitie's" type="checkbox" title="">
                        <label class="ct-form-check-label" for="McVitie's">
                        McVitie's <span class="hit-count">(11)</span>
                        </label>
                        <span class="checkmark"></span>
                        </div>
                        <span class="sr-only selected-assistive-text">
                        Refine by Marcas: McVitie's
                        </span>
                        </button>
                        </li>
                        <li class="refinement-value hide-refinement  ">
                        <button data-href="/on/demandware.store/Sites-continente-Site/default/Search-ShowAjax?cgid=mercearias&amp;pmin=0%2e01&amp;prefn1=brand&amp;prefv1=Meica" class="refinement-btn ">
                        <div class="ct-form-checkbox">
                        <input id="Meica" type="checkbox" title="">
                        <label class="ct-form-check-label" for="Meica">
                        Meica <span class="hit-count">(2)</span>
                        </label>
                        <span class="checkmark"></span>
                        </div>
                        <span class="sr-only selected-assistive-text">
                        Refine by Marcas: Meica
                        </span>
                        </button>
                        </li>
                        <li class="refinement-value hide-refinement  ">
                        <button data-href="/on/demandware.store/Sites-continente-Site/default/Search-ShowAjax?cgid=mercearias&amp;pmin=0%2e01&amp;prefn1=brand&amp;prefv1=Mentolin" class="refinement-btn ">
                        <div class="ct-form-checkbox">
                        <input id="Mentolin" type="checkbox" title="">
                        <label class="ct-form-check-label" for="Mentolin">
                        Mentolin <span class="hit-count">(1)</span>
                        </label>
                        <span class="checkmark"></span>
                        </div>
                        <span class="sr-only selected-assistive-text">
                        Refine by Marcas: Mentolin
                        </span>
                        </button>
                        </li>
                        <li class="refinement-value hide-refinement  ">
                        <button data-href="/on/demandware.store/Sites-continente-Site/default/Search-ShowAjax?cgid=mercearias&amp;pmin=0%2e01&amp;prefn1=brand&amp;prefv1=Mentos" class="refinement-btn ">
                        <div class="ct-form-checkbox">
                        <input id="Mentos" type="checkbox" title="">
                        <label class="ct-form-check-label" for="Mentos">
                        Mentos <span class="hit-count">(11)</span>
                        </label>
                        <span class="checkmark"></span>
                        </div>
                        <span class="sr-only selected-assistive-text">
                        Refine by Marcas: Mentos
                        </span>
                        </button>
                        </li>
                        <li class="refinement-value hide-refinement  ">
                        <button data-href="/on/demandware.store/Sites-continente-Site/default/Search-ShowAjax?cgid=mercearias&amp;pmin=0%2e01&amp;prefn1=brand&amp;prefv1=Merci" class="refinement-btn ">
                        <div class="ct-form-checkbox">
                        <input id="Merci" type="checkbox" title="">
                        <label class="ct-form-check-label" for="Merci">
                        Merci <span class="hit-count">(10)</span>
                        </label>
                        <span class="checkmark"></span>
                        </div>
                        <span class="sr-only selected-assistive-text">
                        Refine by Marcas: Merci
                        </span>
                        </button>
                        </li>
                        <li class="refinement-value hide-refinement  ">
                        <button data-href="/on/demandware.store/Sites-continente-Site/default/Search-ShowAjax?cgid=mercearias&amp;pmin=0%2e01&amp;prefn1=brand&amp;prefv1=Mexifoods" class="refinement-btn ">
                        <div class="ct-form-checkbox">
                        <input id="Mexifoods" type="checkbox" title="">
                        <label class="ct-form-check-label" for="Mexifoods">
                        Mexifoods <span class="hit-count">(8)</span>
                        </label>
                        <span class="checkmark"></span>
                        </div>
                        <span class="sr-only selected-assistive-text">
                        Refine by Marcas: Mexifoods
                        </span>
                        </button>
                        </li>
                        <li class="refinement-value hide-refinement  ">
                        <button data-href="/on/demandware.store/Sites-continente-Site/default/Search-ShowAjax?cgid=mercearias&amp;pmin=0%2e01&amp;prefn1=brand&amp;prefv1=M%c3%a9zete" class="refinement-btn ">
                        <div class="ct-form-checkbox">
                        <input id="Mézete" type="checkbox" title="">
                        <label class="ct-form-check-label" for="Mézete">
                        Mézete <span class="hit-count">(2)</span>
                        </label>
                        <span class="checkmark"></span>
                        </div>
                        <span class="sr-only selected-assistive-text">
                        Refine by Marcas: Mézete
                        </span>
                        </button>
                        </li>
                        <li class="refinement-value hide-refinement  ">
                        <button data-href="/on/demandware.store/Sites-continente-Site/default/Search-ShowAjax?cgid=mercearias&amp;pmin=0%2e01&amp;prefn1=brand&amp;prefv1=Midi" class="refinement-btn ">
                        <div class="ct-form-checkbox">
                        <input id="Midi" type="checkbox" title="">
                        <label class="ct-form-check-label" for="Midi">
                        Midi <span class="hit-count">(6)</span>
                        </label>
                        <span class="checkmark"></span>
                        </div>
                        <span class="sr-only selected-assistive-text">
                        Refine by Marcas: Midi
                        </span>
                        </button>
                        </li>
                        <li class="refinement-value hide-refinement  ">
                        <button data-href="/on/demandware.store/Sites-continente-Site/default/Search-ShowAjax?cgid=mercearias&amp;pmin=0%2e01&amp;prefn1=brand&amp;prefv1=Mikado" class="refinement-btn ">
                        <div class="ct-form-checkbox">
                        <input id="Mikado" type="checkbox" title="">
                        <label class="ct-form-check-label" for="Mikado">
                        Mikado <span class="hit-count">(1)</span>
                        </label>
                        <span class="checkmark"></span>
                        </div>
                        <span class="sr-only selected-assistive-text">
                        Refine by Marcas: Mikado
                        </span>
                        </button>
                        </li>
                        <li class="refinement-value hide-refinement  ">
                        <button data-href="/on/demandware.store/Sites-continente-Site/default/Search-ShowAjax?cgid=mercearias&amp;pmin=0%2e01&amp;prefn1=brand&amp;prefv1=Milaneza" class="refinement-btn ">
                        <div class="ct-form-checkbox">
                        <input id="Milaneza" type="checkbox" title="">
                        <label class="ct-form-check-label" for="Milaneza">
                        Milaneza <span class="hit-count">(58)</span>
                        </label>
                        <span class="checkmark"></span>
                        </div>
                        <span class="sr-only selected-assistive-text">
                        Refine by Marcas: Milaneza
                        </span>
                        </button>
                        </li>
                        <li class="refinement-value hide-refinement  ">
                        <button data-href="/on/demandware.store/Sites-continente-Site/default/Search-ShowAjax?cgid=mercearias&amp;pmin=0%2e01&amp;prefn1=brand&amp;prefv1=Milka" class="refinement-btn ">
                        <div class="ct-form-checkbox">
                        <input id="Milka" type="checkbox" title="">
                        <label class="ct-form-check-label" for="Milka">
                        Milka <span class="hit-count">(59)</span>
                        </label>
                        <span class="checkmark"></span>
                        </div>
                        <span class="sr-only selected-assistive-text">
                        Refine by Marcas: Milka
                        </span>
                        </button>
                        </li>
                        <li class="refinement-value hide-refinement  ">
                        <button data-href="/on/demandware.store/Sites-continente-Site/default/Search-ShowAjax?cgid=mercearias&amp;pmin=0%2e01&amp;prefn1=brand&amp;prefv1=Mimosa" class="refinement-btn ">
                        <div class="ct-form-checkbox">
                        <input id="Mimosa" type="checkbox" title="">
                        <label class="ct-form-check-label" for="Mimosa">
                        Mimosa <span class="hit-count">(6)</span>
                        </label>
                        <span class="checkmark"></span>
                        </div>
                        <span class="sr-only selected-assistive-text">
                        Refine by Marcas: Mimosa
                        </span>
                        </button>
                        </li>
                        <li class="refinement-value hide-refinement  ">
                        <button data-href="/on/demandware.store/Sites-continente-Site/default/Search-ShowAjax?cgid=mercearias&amp;pmin=0%2e01&amp;prefn1=brand&amp;prefv1=Minerva" class="refinement-btn ">
                        <div class="ct-form-checkbox">
                        <input id="Minerva" type="checkbox" title="">
                        <label class="ct-form-check-label" for="Minerva">
                        Minerva <span class="hit-count">(22)</span>
                        </label>
                        <span class="checkmark"></span>
                        </div>
                        <span class="sr-only selected-assistive-text">
                        Refine by Marcas: Minerva
                        </span>
                        </button>
                        </li>
                        <li class="refinement-value hide-refinement  ">
                        <button data-href="/on/demandware.store/Sites-continente-Site/default/Search-ShowAjax?cgid=mercearias&amp;pmin=0%2e01&amp;prefn1=brand&amp;prefv1=Mission" class="refinement-btn ">
                        <div class="ct-form-checkbox">
                        <input id="Mission" type="checkbox" title="">
                        <label class="ct-form-check-label" for="Mission">
                        Mission <span class="hit-count">(4)</span>
                        </label>
                        <span class="checkmark"></span>
                        </div>
                        <span class="sr-only selected-assistive-text">
                        Refine by Marcas: Mission
                        </span>
                        </button>
                        </li>
                        <li class="refinement-value hide-refinement  ">
                        <button data-href="/on/demandware.store/Sites-continente-Site/default/Search-ShowAjax?cgid=mercearias&amp;pmin=0%2e01&amp;prefn1=brand&amp;prefv1=Mister%20Free%27d" class="refinement-btn ">
                        <div class="ct-form-checkbox">
                        <input id="Mister Free'd" type="checkbox" title="">
                        <label class="ct-form-check-label" for="Mister Free'd">
                        Mister Free'd <span class="hit-count">(3)</span>
                        </label>
                        <span class="checkmark"></span>
                        </div>
                        <span class="sr-only selected-assistive-text">
                        Refine by Marcas: Mister Free'd
                        </span>
                        </button>
                        </li>
                        <li class="refinement-value hide-refinement  ">
                        <button data-href="/on/demandware.store/Sites-continente-Site/default/Search-ShowAjax?cgid=mercearias&amp;pmin=0%2e01&amp;prefn1=brand&amp;prefv1=Mix" class="refinement-btn ">
                        <div class="ct-form-checkbox">
                        <input id="Mix" type="checkbox" title="">
                        <label class="ct-form-check-label" for="Mix">
                        Mix <span class="hit-count">(9)</span>
                        </label>
                        <span class="checkmark"></span>
                        </div>
                        <span class="sr-only selected-assistive-text">
                        Refine by Marcas: Mix
                        </span>
                        </button>
                        </li>
                        <li class="refinement-value hide-refinement  ">
                        <button data-href="/on/demandware.store/Sites-continente-Site/default/Search-ShowAjax?cgid=mercearias&amp;pmin=0%2e01&amp;prefn1=brand&amp;prefv1=Miyata" class="refinement-btn ">
                        <div class="ct-form-checkbox">
                        <input id="Miyata" type="checkbox" title="">
                        <label class="ct-form-check-label" for="Miyata">
                        Miyata <span class="hit-count">(8)</span>
                        </label>
                        <span class="checkmark"></span>
                        </div>
                        <span class="sr-only selected-assistive-text">
                        Refine by Marcas: Miyata
                        </span>
                        </button>
                        </li>
                        <li class="refinement-value hide-refinement  ">
                        <button data-href="/on/demandware.store/Sites-continente-Site/default/Search-ShowAjax?cgid=mercearias&amp;pmin=0%2e01&amp;prefn1=brand&amp;prefv1=Mokambo" class="refinement-btn ">
                        <div class="ct-form-checkbox">
                        <input id="Mokambo" type="checkbox" title="">
                        <label class="ct-form-check-label" for="Mokambo">
                        Mokambo <span class="hit-count">(3)</span>
                        </label>
                        <span class="checkmark"></span>
                        </div>
                        <span class="sr-only selected-assistive-text">
                        Refine by Marcas: Mokambo
                        </span>
                        </button>
                        </li>
                        <li class="refinement-value hide-refinement  ">
                        <button data-href="/on/demandware.store/Sites-continente-Site/default/Search-ShowAjax?cgid=mercearias&amp;pmin=0%2e01&amp;prefn1=brand&amp;prefv1=Mokate" class="refinement-btn ">
                        <div class="ct-form-checkbox">
                        <input id="Mokate" type="checkbox" title="">
                        <label class="ct-form-check-label" for="Mokate">
                        Mokate <span class="hit-count">(1)</span>
                        </label>
                        <span class="checkmark"></span>
                        </div>
                        <span class="sr-only selected-assistive-text">
                        Refine by Marcas: Mokate
                        </span>
                        </button>
                        </li>
                        <li class="refinement-value hide-refinement  ">
                        <button data-href="/on/demandware.store/Sites-continente-Site/default/Search-ShowAjax?cgid=mercearias&amp;pmin=0%2e01&amp;prefn1=brand&amp;prefv1=Monari" class="refinement-btn ">
                        <div class="ct-form-checkbox">
                        <input id="Monari" type="checkbox" title="">
                        <label class="ct-form-check-label" for="Monari">
                        Monari <span class="hit-count">(3)</span>
                        </label>
                        <span class="checkmark"></span>
                        </div>
                        <span class="sr-only selected-assistive-text">
                        Refine by Marcas: Monari
                        </span>
                        </button>
                        </li>
                        <li class="refinement-value hide-refinement  ">
                        <button data-href="/on/demandware.store/Sites-continente-Site/default/Search-ShowAjax?cgid=mercearias&amp;pmin=0%2e01&amp;prefn1=brand&amp;prefv1=Mon%20Ch%c3%a9ri" class="refinement-btn ">
                        <div class="ct-form-checkbox">
                        <input id="Mon Chéri" type="checkbox" title="">
                        <label class="ct-form-check-label" for="Mon Chéri">
                        Mon Chéri <span class="hit-count">(3)</span>
                        </label>
                        <span class="checkmark"></span>
                        </div>
                        <span class="sr-only selected-assistive-text">
                        Refine by Marcas: Mon Chéri
                        </span>
                        </button>
                        </li>
                        <li class="refinement-value hide-refinement  ">
                        <button data-href="/on/demandware.store/Sites-continente-Site/default/Search-ShowAjax?cgid=mercearias&amp;pmin=0%2e01&amp;prefn1=brand&amp;prefv1=Moreninha%20do%20Rio" class="refinement-btn ">
                        <div class="ct-form-checkbox">
                        <input id="Moreninha do Rio" type="checkbox" title="">
                        <label class="ct-form-check-label" for="Moreninha do Rio">
                        Moreninha do Rio <span class="hit-count">(1)</span>
                        </label>
                        <span class="checkmark"></span>
                        </div>
                        <span class="sr-only selected-assistive-text">
                        Refine by Marcas: Moreninha do Rio
                        </span>
                        </button>
                        </li>
                        <li class="refinement-value hide-refinement  ">
                        <button data-href="/on/demandware.store/Sites-continente-Site/default/Search-ShowAjax?cgid=mercearias&amp;pmin=0%2e01&amp;prefn1=brand&amp;prefv1=Moura" class="refinement-btn ">
                        <div class="ct-form-checkbox">
                        <input id="Moura" type="checkbox" title="">
                        <label class="ct-form-check-label" for="Moura">
                        Moura <span class="hit-count">(4)</span>
                        </label>
                        <span class="checkmark"></span>
                        </div>
                        <span class="sr-only selected-assistive-text">
                        Refine by Marcas: Moura
                        </span>
                        </button>
                        </li>
                        <li class="refinement-value hide-refinement  ">
                        <button data-href="/on/demandware.store/Sites-continente-Site/default/Search-ShowAjax?cgid=mercearias&amp;pmin=0%2e01&amp;prefn1=brand&amp;prefv1=Mouro" class="refinement-btn ">
                        <div class="ct-form-checkbox">
                        <input id="Mouro" type="checkbox" title="">
                        <label class="ct-form-check-label" for="Mouro">
                        Mouro <span class="hit-count">(1)</span>
                        </label>
                        <span class="checkmark"></span>
                        </div>
                        <span class="sr-only selected-assistive-text">
                        Refine by Marcas: Mouro
                        </span>
                        </button>
                        </li>
                        <li class="refinement-value hide-refinement  ">
                        <button data-href="/on/demandware.store/Sites-continente-Site/default/Search-ShowAjax?cgid=mercearias&amp;pmin=0%2e01&amp;prefn1=brand&amp;prefv1=Mr%2eSalt" class="refinement-btn ">
                        <div class="ct-form-checkbox">
                        <input id="Mr.Salt" type="checkbox" title="">
                        <label class="ct-form-check-label" for="Mr.Salt">
                        Mr.Salt <span class="hit-count">(1)</span>
                        </label>
                        <span class="checkmark"></span>
                        </div>
                        <span class="sr-only selected-assistive-text">
                        Refine by Marcas: Mr.Salt
                        </span>
                        </button>
                        </li>
                        <li class="refinement-value hide-refinement  ">
                        <button data-href="/on/demandware.store/Sites-continente-Site/default/Search-ShowAjax?cgid=mercearias&amp;pmin=0%2e01&amp;prefn1=brand&amp;prefv1=Mutti" class="refinement-btn ">
                        <div class="ct-form-checkbox">
                        <input id="Mutti" type="checkbox" title="">
                        <label class="ct-form-check-label" for="Mutti">
                        Mutti <span class="hit-count">(5)</span>
                        </label>
                        <span class="checkmark"></span>
                        </div>
                        <span class="sr-only selected-assistive-text">
                        Refine by Marcas: Mutti
                        </span>
                        </button>
                        </li>
                        <li class="refinement-value hide-refinement  ">
                        <button data-href="/on/demandware.store/Sites-continente-Site/default/Search-ShowAjax?cgid=mercearias&amp;pmin=0%2e01&amp;prefn1=brand&amp;prefv1=Nacional" class="refinement-btn ">
                        <div class="ct-form-checkbox">
                        <input id="Nacional" type="checkbox" title="">
                        <label class="ct-form-check-label" for="Nacional">
                        Nacional <span class="hit-count">(70)</span>
                        </label>
                        <span class="checkmark"></span>
                        </div>
                        <span class="sr-only selected-assistive-text">
                        Refine by Marcas: Nacional
                        </span>
                        </button>
                        </li>
                        <li class="refinement-value hide-refinement  ">
                        <button data-href="/on/demandware.store/Sites-continente-Site/default/Search-ShowAjax?cgid=mercearias&amp;pmin=0%2e01&amp;prefn1=brand&amp;prefv1=Nairns" class="refinement-btn ">
                        <div class="ct-form-checkbox">
                        <input id="Nairns" type="checkbox" title="">
                        <label class="ct-form-check-label" for="Nairns">
                        Nairns <span class="hit-count">(4)</span>
                        </label>
                        <span class="checkmark"></span>
                        </div>
                        <span class="sr-only selected-assistive-text">
                        Refine by Marcas: Nairns
                        </span>
                        </button>
                        </li>
                        <li class="refinement-value hide-refinement  ">
                        <button data-href="/on/demandware.store/Sites-continente-Site/default/Search-ShowAjax?cgid=mercearias&amp;pmin=0%2e01&amp;prefn1=brand&amp;prefv1=Nakd" class="refinement-btn ">
                        <div class="ct-form-checkbox">
                        <input id="Nakd" type="checkbox" title="">
                        <label class="ct-form-check-label" for="Nakd">
                        Nakd <span class="hit-count">(2)</span>
                        </label>
                        <span class="checkmark"></span>
                        </div>
                        <span class="sr-only selected-assistive-text">
                        Refine by Marcas: Nakd
                        </span>
                        </button>
                        </li>
                        <li class="refinement-value hide-refinement  ">
                        <button data-href="/on/demandware.store/Sites-continente-Site/default/Search-ShowAjax?cgid=mercearias&amp;pmin=0%2e01&amp;prefn1=brand&amp;prefv1=Nan" class="refinement-btn ">
                        <div class="ct-form-checkbox">
                        <input id="Nan" type="checkbox" title="">
                        <label class="ct-form-check-label" for="Nan">
                        Nan <span class="hit-count">(11)</span>
                        </label>
                        <span class="checkmark"></span>
                        </div>
                        <span class="sr-only selected-assistive-text">
                        Refine by Marcas: Nan
                        </span>
                        </button>
                        </li>
                        <li class="refinement-value hide-refinement  ">
                        <button data-href="/on/demandware.store/Sites-continente-Site/default/Search-ShowAjax?cgid=mercearias&amp;pmin=0%2e01&amp;prefn1=brand&amp;prefv1=Nat" class="refinement-btn ">
                        <div class="ct-form-checkbox">
                         <input id="Nat" type="checkbox" title="">
                        <label class="ct-form-check-label" for="Nat">
                        Nat <span class="hit-count">(3)</span>
                        </label>
                        <span class="checkmark"></span>
                        </div>
                        <span class="sr-only selected-assistive-text">
                        Refine by Marcas: Nat
                        </span>
                        </button>
                        </li>
                        <li class="refinement-value hide-refinement  ">
                        <button data-href="/on/demandware.store/Sites-continente-Site/default/Search-ShowAjax?cgid=mercearias&amp;pmin=0%2e01&amp;prefn1=brand&amp;prefv1=Natura" class="refinement-btn ">
                        <div class="ct-form-checkbox">
                        <input id="Natura" type="checkbox" title="">
                        <label class="ct-form-check-label" for="Natura">
                        Natura <span class="hit-count">(6)</span>
                        </label>
                        <span class="checkmark"></span>
                        </div>
                        <span class="sr-only selected-assistive-text">
                        Refine by Marcas: Natura
                        </span>
                        </button>
                        </li>
                        <li class="refinement-value hide-refinement  ">
                        <button data-href="/on/demandware.store/Sites-continente-Site/default/Search-ShowAjax?cgid=mercearias&amp;pmin=0%2e01&amp;prefn1=brand&amp;prefv1=Nature%20Valley" class="refinement-btn ">
                        <div class="ct-form-checkbox">
                        <input id="Nature Valley" type="checkbox" title="">
                        <label class="ct-form-check-label" for="Nature Valley">
                        Nature Valley <span class="hit-count">(5)</span>
                        </label>
                        <span class="checkmark"></span>
                        </div>
                        <span class="sr-only selected-assistive-text">
                        Refine by Marcas: Nature Valley
                        </span>
                        </button>
                        </li>
                        <li class="refinement-value hide-refinement  ">
                        <button data-href="/on/demandware.store/Sites-continente-Site/default/Search-ShowAjax?cgid=mercearias&amp;pmin=0%2e01&amp;prefn1=brand&amp;prefv1=Nazar%c3%a9" class="refinement-btn ">
                        <div class="ct-form-checkbox">
                        <input id="Nazaré" type="checkbox" title="">
                        <label class="ct-form-check-label" for="Nazaré">
                        Nazaré <span class="hit-count">(1)</span>
                        </label>
                        <span class="checkmark"></span>
                        </div>
                        <span class="sr-only selected-assistive-text">
                        Refine by Marcas: Nazaré
                        </span>
                        </button>
                        </li>
                        <li class="refinement-value hide-refinement  ">
                        <button data-href="/on/demandware.store/Sites-continente-Site/default/Search-ShowAjax?cgid=mercearias&amp;pmin=0%2e01&amp;prefn1=brand&amp;prefv1=Nescaf%c3%a9" class="refinement-btn ">
                        <div class="ct-form-checkbox">
                        <input id="Nescafé" type="checkbox" title="">
                        <label class="ct-form-check-label" for="Nescafé">
                        Nescafé <span class="hit-count">(31)</span>
                        </label>
                        <span class="checkmark"></span>
                        </div>
                        <span class="sr-only selected-assistive-text">
                        Refine by Marcas: Nescafé
                        </span>
                        </button>
                        </li>
                        <li class="refinement-value hide-refinement  ">
                        <button data-href="/on/demandware.store/Sites-continente-Site/default/Search-ShowAjax?cgid=mercearias&amp;pmin=0%2e01&amp;prefn1=brand&amp;prefv1=Nesquik" class="refinement-btn ">
                        <div class="ct-form-checkbox">
                        <input id="Nesquik" type="checkbox" title="">
                        <label class="ct-form-check-label" for="Nesquik">
                        Nesquik <span class="hit-count">(11)</span>
                        </label>
                        <span class="checkmark"></span>
                        </div>
                        <span class="sr-only selected-assistive-text">
                        Refine by Marcas: Nesquik
                        </span>
                        </button>
                        </li>
                        
                        <li class="refinement-value hide-refinement  ">
                        <button data-href="/on/demandware.store/Sites-continente-Site/default/Search-ShowAjax?cgid=mercearias&amp;pmin=0%2e01&amp;prefn1=brand&amp;prefv1=Nestl%c3%a9" class="refinement-btn ">
                        <div class="ct-form-checkbox">
                        <input id="Nestlé" type="checkbox" title="">
                        <label class="ct-form-check-label" for="Nestlé">
                        Nestlé <span class="hit-count">(108)</span>
                        </label>
                        <span class="checkmark"></span>
                        </div>
                        <span class="sr-only selected-assistive-text">
                        Refine by Marcas: Nestlé
                        </span>
                        </button>
                        </li>
                        <li class="refinement-value hide-refinement  ">
                        <button data-href="/on/demandware.store/Sites-continente-Site/default/Search-ShowAjax?cgid=mercearias&amp;pmin=0%2e01&amp;prefn1=brand&amp;prefv1=Nestl%c3%a9%20Junior" class="refinement-btn ">
                        <div class="ct-form-checkbox">
                        <input id="Nestlé Junior" type="checkbox" title="">
                        <label class="ct-form-check-label" for="Nestlé Junior">
                        Nestlé Junior <span class="hit-count">(3)</span>
                        </label>
                        <span class="checkmark"></span>
                        </div>
                        <span class="sr-only selected-assistive-text">
                        Refine by Marcas: Nestlé Junior
                        </span>
                        </button>
                        </li>
                        <li class="refinement-value hide-refinement  ">
                        <button data-href="/on/demandware.store/Sites-continente-Site/default/Search-ShowAjax?cgid=mercearias&amp;pmin=0%2e01&amp;prefn1=brand&amp;prefv1=Nestum" class="refinement-btn ">
                        <div class="ct-form-checkbox">
                        <input id="Nestum" type="checkbox" title="">
                        <label class="ct-form-check-label" for="Nestum">
                        Nestum <span class="hit-count">(16)</span>
                        </label>
                        <span class="checkmark"></span>
                        </div>
                        <span class="sr-only selected-assistive-text">
                        Refine by Marcas: Nestum
                        </span>
                        </button>
                        </li>
                        <li class="refinement-value hide-refinement  ">
                        <button data-href="/on/demandware.store/Sites-continente-Site/default/Search-ShowAjax?cgid=mercearias&amp;pmin=0%2e01&amp;prefn1=brand&amp;prefv1=Nicola" class="refinement-btn ">
                        <div class="ct-form-checkbox">
                        <input id="Nicola" type="checkbox" title="">
                        <label class="ct-form-check-label" for="Nicola">
                        Nicola <span class="hit-count">(23)</span>
                        </label>
                        <span class="checkmark"></span>
                        </div>
                        <span class="sr-only selected-assistive-text">
                        Refine by Marcas: Nicola
                        </span>
                        </button>
                        </li>
                        <li class="refinement-value hide-refinement  ">
                        <button data-href="/on/demandware.store/Sites-continente-Site/default/Search-ShowAjax?cgid=mercearias&amp;pmin=0%2e01&amp;prefn1=brand&amp;prefv1=Nido" class="refinement-btn ">
                        <div class="ct-form-checkbox">
                        <input id="Nido" type="checkbox" title="">
                        <label class="ct-form-check-label" for="Nido">
                        Nido <span class="hit-count">(1)</span>
                        </label>
                        <span class="checkmark"></span>
                        </div>
                        <span class="sr-only selected-assistive-text">
                        Refine by Marcas: Nido
                        </span>
                        </button>
                        </li>
                        <li class="refinement-value hide-refinement  ">
                        <button data-href="/on/demandware.store/Sites-continente-Site/default/Search-ShowAjax?cgid=mercearias&amp;pmin=0%2e01&amp;prefn1=brand&amp;prefv1=Nissin" class="refinement-btn ">
                        <div class="ct-form-checkbox">
                        <input id="Nissin" type="checkbox" title="">
                        <label class="ct-form-check-label" for="Nissin">
                        Nissin <span class="hit-count">(9)</span>
                        </label>
                        <span class="checkmark"></span>
                        </div>
                        <span class="sr-only selected-assistive-text">
                        Refine by Marcas: Nissin
                        </span>
                        </button>
                        </li>
                        <li class="refinement-value hide-refinement  ">
                        <button data-href="/on/demandware.store/Sites-continente-Site/default/Search-ShowAjax?cgid=mercearias&amp;pmin=0%2e01&amp;prefn1=brand&amp;prefv1=Nobre" class="refinement-btn ">
                        <div class="ct-form-checkbox">
                        <input id="Nobre" type="checkbox" title="">
                        <label class="ct-form-check-label" for="Nobre">
                        Nobre <span class="hit-count">(29)</span>
                        </label>
                        <span class="checkmark"></span>
                        </div>
                        <span class="sr-only selected-assistive-text">
                        Refine by Marcas: Nobre
                        </span>
                        </button>
                        </li>
                        <li class="refinement-value hide-refinement  ">
                        <button data-href="/on/demandware.store/Sites-continente-Site/default/Search-ShowAjax?cgid=mercearias&amp;pmin=0%2e01&amp;prefn1=brand&amp;prefv1=Nobre%20Vegalia" class="refinement-btn ">
                        <div class="ct-form-checkbox">
                        <input id="Nobre Vegalia" type="checkbox" title="">
                        <label class="ct-form-check-label" for="Nobre Vegalia">
                        Nobre Vegalia <span class="hit-count">(7)</span>
                        </label>
                        <span class="checkmark"></span>
                        </div>
                        <span class="sr-only selected-assistive-text">
                        Refine by Marcas: Nobre Vegalia
                        </span>
                        </button>
                        </li>
                        <li class="refinement-value hide-refinement  ">
                        <button data-href="/on/demandware.store/Sites-continente-Site/default/Search-ShowAjax?cgid=mercearias&amp;pmin=0%2e01&amp;prefn1=brand&amp;prefv1=Nocilla" class="refinement-btn ">
                        <div class="ct-form-checkbox">
                        <input id="Nocilla" type="checkbox" title="">
                        <label class="ct-form-check-label" for="Nocilla">
                        Nocilla <span class="hit-count">(2)</span>
                        </label>
                        <span class="checkmark"></span>
                        </div>
                        <span class="sr-only selected-assistive-text">
                        Refine by Marcas: Nocilla
                        </span>
                        </button>
                        </li>
                        <li class="refinement-value hide-refinement  ">
                        <button data-href="/on/demandware.store/Sites-continente-Site/default/Search-ShowAjax?cgid=mercearias&amp;pmin=0%2e01&amp;prefn1=brand&amp;prefv1=Not%20Guilty" class="refinement-btn ">
                        <div class="ct-form-checkbox">
                        <input id="Not Guilty" type="checkbox" title="">
                        <label class="ct-form-check-label" for="Not Guilty">
                        Not Guilty <span class="hit-count">(12)</span>
                        </label>
                        <span class="checkmark"></span>
                        </div>
                        <span class="sr-only selected-assistive-text">
                        Refine by Marcas: Not Guilty
                        </span>
                        </button>
                        </li>
                        <li class="refinement-value hide-refinement  ">
                        <button data-href="/on/demandware.store/Sites-continente-Site/default/Search-ShowAjax?cgid=mercearias&amp;pmin=0%2e01&amp;prefn1=brand&amp;prefv1=Novarroz" class="refinement-btn ">
                        <div class="ct-form-checkbox">
                        <input id="Novarroz" type="checkbox" title="">
                        <label class="ct-form-check-label" for="Novarroz">
                        Novarroz <span class="hit-count">(1)</span>
                        </label>
                        <span class="checkmark"></span>
                        </div>
                        <span class="sr-only selected-assistive-text">
                        Refine by Marcas: Novarroz
                        </span>
                        </button>
                        </li>
                        <li class="refinement-value hide-refinement  ">
                        <button data-href="/on/demandware.store/Sites-continente-Site/default/Search-ShowAjax?cgid=mercearias&amp;pmin=0%2e01&amp;prefn1=brand&amp;prefv1=Nutella" class="refinement-btn ">
                        <div class="ct-form-checkbox">
                        <input id="Nutella" type="checkbox" title="">
                        <label class="ct-form-check-label" for="Nutella">
                        Nutella <span class="hit-count">(6)</span>
                        </label>
                        <span class="checkmark"></span>
                        </div>
                        <span class="sr-only selected-assistive-text">
                        Refine by Marcas: Nutella
                        </span>
                        </button>
                        </li>
                        <li class="refinement-value hide-refinement  ">
                        <button data-href="/on/demandware.store/Sites-continente-Site/default/Search-ShowAjax?cgid=mercearias&amp;pmin=0%2e01&amp;prefn1=brand&amp;prefv1=Nutrib%c3%a9n" class="refinement-btn ">
                        <div class="ct-form-checkbox">
                        <input id="Nutribén" type="checkbox" title="">
                        <label class="ct-form-check-label" for="Nutribén">
                        Nutribén <span class="hit-count">(29)</span>
                        </label>
                        <span class="checkmark"></span>
                        </div>
                        <span class="sr-only selected-assistive-text">
                        Refine by Marcas: Nutribén
                        </span>
                        </button>
                        </li>
                        <li class="refinement-value hide-refinement  ">
                        <button data-href="/on/demandware.store/Sites-continente-Site/default/Search-ShowAjax?cgid=mercearias&amp;pmin=0%2e01&amp;prefn1=brand&amp;prefv1=Old%20El%20Paso" class="refinement-btn ">
                        <div class="ct-form-checkbox">
                        <input id="Old El Paso" type="checkbox" title="">
                        <label class="ct-form-check-label" for="Old El Paso">
                        Old El Paso <span class="hit-count">(23)</span>
                        </label>
                        <span class="checkmark"></span>
                        </div>
                        <span class="sr-only selected-assistive-text">
                        Refine by Marcas: Old El Paso
                        </span>
                        </button>
                        </li>
                        <li class="refinement-value hide-refinement  ">
                        <button data-href="/on/demandware.store/Sites-continente-Site/default/Search-ShowAjax?cgid=mercearias&amp;pmin=0%2e01&amp;prefn1=brand&amp;prefv1=Olivado" class="refinement-btn ">
                        <div class="ct-form-checkbox">
                        <input id="Olivado" type="checkbox" title="">
                        <label class="ct-form-check-label" for="Olivado">
                        Olivado <span class="hit-count">(1)</span>
                        </label>
                        <span class="checkmark"></span>
                        </div>
                        <span class="sr-only selected-assistive-text">
                        Refine by Marcas: Olivado
                        </span>
                        </button>
                        </li>
                        <li class="refinement-value hide-refinement  ">
                        <button data-href="/on/demandware.store/Sites-continente-Site/default/Search-ShowAjax?cgid=mercearias&amp;pmin=0%2e01&amp;prefn1=brand&amp;prefv1=Oliveira%20da%20Serra" class="refinement-btn ">
                        <div class="ct-form-checkbox">
                        <input id="Oliveira da Serra" type="checkbox" title="">
                        <label class="ct-form-check-label" for="Oliveira da Serra">
                        Oliveira da Serra <span class="hit-count">(29)</span>
                        </label>
                        <span class="checkmark"></span>
                        </div>
                        <span class="sr-only selected-assistive-text">
                        Refine by Marcas: Oliveira da Serra
                        </span>
                        </button>
                        </li>
                        <li class="refinement-value hide-refinement  ">
                        <button data-href="/on/demandware.store/Sites-continente-Site/default/Search-ShowAjax?cgid=mercearias&amp;pmin=0%2e01&amp;prefn1=brand&amp;prefv1=Orbit" class="refinement-btn ">
                        <div class="ct-form-checkbox">
                        <input id="Orbit" type="checkbox" title="">
                        <label class="ct-form-check-label" for="Orbit">
                        Orbit <span class="hit-count">(11)</span>
                        </label>
                         <span class="checkmark"></span>
                        </div>
                        <span class="sr-only selected-assistive-text">
                        Refine by Marcas: Orbit
                        </span>
                        </button>
                        </li>
                        <li class="refinement-value hide-refinement  ">
                        <button data-href="/on/demandware.store/Sites-continente-Site/default/Search-ShowAjax?cgid=mercearias&amp;pmin=0%2e01&amp;prefn1=brand&amp;prefv1=Oreo" class="refinement-btn ">
                        <div class="ct-form-checkbox">
                        <input id="Oreo" type="checkbox" title="">
                        <label class="ct-form-check-label" for="Oreo">
                        Oreo <span class="hit-count">(18)</span>
                        </label>
                        <span class="checkmark"></span>
                        </div>
                        <span class="sr-only selected-assistive-text">
                        Refine by Marcas: Oreo
                        </span>
                        </button>
                        </li>
                        <li class="refinement-value hide-refinement  ">
                        <button data-href="/on/demandware.store/Sites-continente-Site/default/Search-ShowAjax?cgid=mercearias&amp;pmin=0%2e01&amp;prefn1=brand&amp;prefv1=Oriente" class="refinement-btn ">
                        <div class="ct-form-checkbox">
                        <input id="Oriente" type="checkbox" title="">
                        <label class="ct-form-check-label" for="Oriente">
                        Oriente <span class="hit-count">(2)</span>
                        </label>
                        <span class="checkmark"></span>
                        </div>
                        <span class="sr-only selected-assistive-text">
                        Refine by Marcas: Oriente
                        </span>
                        </button>
                        </li>
                        <li class="refinement-value hide-refinement  ">
                        <button data-href="/on/demandware.store/Sites-continente-Site/default/Search-ShowAjax?cgid=mercearias&amp;pmin=0%2e01&amp;prefn1=brand&amp;prefv1=Origens%20Bio" class="refinement-btn ">
                        <div class="ct-form-checkbox">
                        <input id="Origens Bio" type="checkbox" title="">
                        <label class="ct-form-check-label" for="Origens Bio">
                        Origens Bio <span class="hit-count">(47)</span>
                        </label>
                        <span class="checkmark"></span>
                        </div>
                        <span class="sr-only selected-assistive-text">
                        Refine by Marcas: Origens Bio
                        </span>
                        </button>
                        </li>
                        <li class="refinement-value hide-refinement  ">
                        <button data-href="/on/demandware.store/Sites-continente-Site/default/Search-ShowAjax?cgid=mercearias&amp;pmin=0%2e01&amp;prefn1=brand&amp;prefv1=Os%20Originais" class="refinement-btn ">
                        <div class="ct-form-checkbox">
                        <input id="Os Originais" type="checkbox" title="">
                        <label class="ct-form-check-label" for="Os Originais">
                        Os Originais <span class="hit-count">(24)</span>
                        </label>
                        <span class="checkmark"></span>
                        </div>
                        <span class="sr-only selected-assistive-text">
                        Refine by Marcas: Os Originais
                        </span>
                        </button>
                        </li>
                        <li class="refinement-value hide-refinement  ">
                        <button data-href="/on/demandware.store/Sites-continente-Site/default/Search-ShowAjax?cgid=mercearias&amp;pmin=0%2e01&amp;prefn1=brand&amp;prefv1=Ouro%20d%27Elvas" class="refinement-btn ">
                        <div class="ct-form-checkbox">
                        <input id="Ouro d'Elvas" type="checkbox" title="">
                        <label class="ct-form-check-label" for="Ouro d'Elvas">
                        Ouro d'Elvas <span class="hit-count">(1)</span>
                        </label>
                        <span class="checkmark"></span>
                        </div>
                        <span class="sr-only selected-assistive-text">
                        Refine by Marcas: Ouro d'Elvas
                        </span>
                        </button>
                        </li>
                        <li class="refinement-value hide-refinement  ">
                        <button data-href="/on/demandware.store/Sites-continente-Site/default/Search-ShowAjax?cgid=mercearias&amp;pmin=0%2e01&amp;prefn1=brand&amp;prefv1=Ovomaltine" class="refinement-btn ">
                        <div class="ct-form-checkbox">
                        <input id="Ovomaltine" type="checkbox" title="">
                        <label class="ct-form-check-label" for="Ovomaltine">
                        Ovomaltine <span class="hit-count">(2)</span>
                        </label>
                        <span class="checkmark"></span>
                        </div>
                        <span class="sr-only selected-assistive-text">
                        Refine by Marcas: Ovomaltine
                        </span>
                        </button>
                        </li>
                        <li class="refinement-value hide-refinement  ">
                        <button data-href="/on/demandware.store/Sites-continente-Site/default/Search-ShowAjax?cgid=mercearias&amp;pmin=0%2e01&amp;prefn1=brand&amp;prefv1=Paladin" class="refinement-btn ">
                        <div class="ct-form-checkbox">
                        <input id="Paladin" type="checkbox" title="">
                        <label class="ct-form-check-label" for="Paladin">
                        Paladin <span class="hit-count">(32)</span>
                        </label>
                        <span class="checkmark"></span>
                        </div>
                        <span class="sr-only selected-assistive-text">
                        Refine by Marcas: Paladin
                        </span>
                        </button>
                        </li>
                        <li class="refinement-value hide-refinement  ">
                        <button data-href="/on/demandware.store/Sites-continente-Site/default/Search-ShowAjax?cgid=mercearias&amp;pmin=0%2e01&amp;prefn1=brand&amp;prefv1=P%c3%a1la-P%c3%a1la" class="refinement-btn ">
                        <div class="ct-form-checkbox">
                        <input id="Pála-Pála" type="checkbox" title="">
                        <label class="ct-form-check-label" for="Pála-Pála">
                        Pála-Pála <span class="hit-count">(5)</span>
                        </label>
                        <span class="checkmark"></span>
                        </div>
                        <span class="sr-only selected-assistive-text">
                        Refine by Marcas: Pála-Pála
                        </span>
                        </button>
                        </li>
                        <li class="refinement-value hide-refinement  ">
                        <button data-href="/on/demandware.store/Sites-continente-Site/default/Search-ShowAjax?cgid=mercearias&amp;pmin=0%2e01&amp;prefn1=brand&amp;prefv1=Pangudi" class="refinement-btn ">
                        <div class="ct-form-checkbox">
                        <input id="Pangudi" type="checkbox" title="">
                        <label class="ct-form-check-label" for="Pangudi">
                        Pangudi <span class="hit-count">(1)</span>
                        </label>
                        <span class="checkmark"></span>
                        </div>
                        <span class="sr-only selected-assistive-text">
                        Refine by Marcas: Pangudi
                        </span>
                        </button>
                        </li>
                        <li class="refinement-value hide-refinement  ">
                        <button data-href="/on/demandware.store/Sites-continente-Site/default/Search-ShowAjax?cgid=mercearias&amp;pmin=0%2e01&amp;prefn1=brand&amp;prefv1=Panicruzeiro" class="refinement-btn ">
                        <div class="ct-form-checkbox">
                        <input id="Panicruzeiro" type="checkbox" title="">
                        <label class="ct-form-check-label" for="Panicruzeiro">
                        Panicruzeiro <span class="hit-count">(2)</span>
                        </label>
                        <span class="checkmark"></span>
                        </div>
                        <span class="sr-only selected-assistive-text">
                        Refine by Marcas: Panicruzeiro
                        </span>
                        </button>
                        </li>
                        <li class="refinement-value hide-refinement  ">
                        <button data-href="/on/demandware.store/Sites-continente-Site/default/Search-ShowAjax?cgid=mercearias&amp;pmin=0%2e01&amp;prefn1=brand&amp;prefv1=Pantagruel" class="refinement-btn ">
                        <div class="ct-form-checkbox">
                        <input id="Pantagruel" type="checkbox" title="">
                        <label class="ct-form-check-label" for="Pantagruel">
                        Pantagruel <span class="hit-count">(13)</span>
                        </label>
                        <span class="checkmark"></span>
                        </div>
                         <span class="sr-only selected-assistive-text">
                        Refine by Marcas: Pantagruel
                        </span>
                        </button>
                        </li>
                        <li class="refinement-value hide-refinement  ">
                        <button data-href="/on/demandware.store/Sites-continente-Site/default/Search-ShowAjax?cgid=mercearias&amp;pmin=0%2e01&amp;prefn1=brand&amp;prefv1=P%c3%a3o%20de%20Gimonde" class="refinement-btn ">
                        <div class="ct-form-checkbox">
                        <input id="Pão de Gimonde" type="checkbox" title="">
                        <label class="ct-form-check-label" for="Pão de Gimonde">
                        Pão de Gimonde <span class="hit-count">(1)</span>
                        </label>
                        <span class="checkmark"></span>
                        </div>
                        <span class="sr-only selected-assistive-text">
                        Refine by Marcas: Pão de Gimonde
                        </span>
                        </button>
                        </li>
                        <li class="refinement-value hide-refinement  ">
                        <button data-href="/on/demandware.store/Sites-continente-Site/default/Search-ShowAjax?cgid=mercearias&amp;pmin=0%2e01&amp;prefn1=brand&amp;prefv1=Pasta%20do%20Dia" class="refinement-btn ">
                        <div class="ct-form-checkbox">
                        <input id="Pasta do Dia" type="checkbox" title="">
                        <label class="ct-form-check-label" for="Pasta do Dia">
                        Pasta do Dia <span class="hit-count">(1)</span>
                        </label>
                        <span class="checkmark"></span>
                        </div>
                        <span class="sr-only selected-assistive-text">
                        Refine by Marcas: Pasta do Dia
                        </span>
                        </button>
                        </li>
                        <li class="refinement-value hide-refinement  ">
                        <button data-href="/on/demandware.store/Sites-continente-Site/default/Search-ShowAjax?cgid=mercearias&amp;pmin=0%2e01&amp;prefn1=brand&amp;prefv1=Pastelinhos%20Safara" class="refinement-btn ">
                        <div class="ct-form-checkbox">
                        <input id="Pastelinhos Safara" type="checkbox" title="">
                        <label class="ct-form-check-label" for="Pastelinhos Safara">
                        Pastelinhos Safara <span class="hit-count">(1)</span>
                        </label>
                        <span class="checkmark"></span>
                        </div>
                        <span class="sr-only selected-assistive-text">
                        Refine by Marcas: Pastelinhos Safara
                        </span>
                        </button>
                        </li>
                        <li class="refinement-value hide-refinement  ">
                        <button data-href="/on/demandware.store/Sites-continente-Site/default/Search-ShowAjax?cgid=mercearias&amp;pmin=0%2e01&amp;prefn1=brand&amp;prefv1=Patak%27s" class="refinement-btn ">
                        <div class="ct-form-checkbox">
                        <input id="Patak's" type="checkbox" title="">
                        <label class="ct-form-check-label" for="Patak's">
                        Patak's <span class="hit-count">(6)</span>
                        </label>
                        <span class="checkmark"></span>
                        </div>
                        <span class="sr-only selected-assistive-text">
                        Refine by Marcas: Patak's
                        </span>
                        </button>
                        </li>
                        <li class="refinement-value hide-refinement  ">
                        <button data-href="/on/demandware.store/Sites-continente-Site/default/Search-ShowAjax?cgid=mercearias&amp;pmin=0%2e01&amp;prefn1=brand&amp;prefv1=Pato%20Real" class="refinement-btn ">
                        <div class="ct-form-checkbox">
                        <input id="Pato Real" type="checkbox" title="">
                        <label class="ct-form-check-label" for="Pato Real">
                        Pato Real <span class="hit-count">(4)</span>
                        </label>
                        <span class="checkmark"></span>
                        </div>
                        <span class="sr-only selected-assistive-text">
                        Refine by Marcas: Pato Real
                        </span>
                        </button>
                        </li>
                        <li class="refinement-value hide-refinement  ">
                        <button data-href="/on/demandware.store/Sites-continente-Site/default/Search-ShowAjax?cgid=mercearias&amp;pmin=0%2e01&amp;prefn1=brand&amp;prefv1=Penha" class="refinement-btn ">
                        <div class="ct-form-checkbox">
                        <input id="Penha" type="checkbox" title="">
                        <label class="ct-form-check-label" for="Penha">
                        Penha <span class="hit-count">(6)</span>
                        </label>
                        <span class="checkmark"></span>
                        </div>
                        <span class="sr-only selected-assistive-text">
                        Refine by Marcas: Penha
                        </span>
                        </button>
                        </li>
                        <li class="refinement-value hide-refinement  ">
                        <button data-href="/on/demandware.store/Sites-continente-Site/default/Search-ShowAjax?cgid=mercearias&amp;pmin=0%2e01&amp;prefn1=brand&amp;prefv1=Pensal" class="refinement-btn ">
                        <div class="ct-form-checkbox">
                        <input id="Pensal" type="checkbox" title="">
                        <label class="ct-form-check-label" for="Pensal">
                        Pensal <span class="hit-count">(2)</span>
                        </label>
                        <span class="checkmark"></span>
                        </div>
                        <span class="sr-only selected-assistive-text">
                        Refine by Marcas: Pensal
                        </span>
                        </button>
                        </li>
                        <li class="refinement-value hide-refinement  ">
                        <button data-href="/on/demandware.store/Sites-continente-Site/default/Search-ShowAjax?cgid=mercearias&amp;pmin=0%2e01&amp;prefn1=brand&amp;prefv1=Perdig%c3%a3o" class="refinement-btn ">
                        <div class="ct-form-checkbox">
                        <input id="Perdigão" type="checkbox" title="">
                        <label class="ct-form-check-label" for="Perdigão">
                        Perdigão <span class="hit-count">(1)</span>
                        </label>
                        <span class="checkmark"></span>
                        </div>
                        <span class="sr-only selected-assistive-text">
                        Refine by Marcas: Perdigão
                        </span>
                        </button>
                        </li>
                        <li class="refinement-value hide-refinement  ">
                        <button data-href="/on/demandware.store/Sites-continente-Site/default/Search-ShowAjax?cgid=mercearias&amp;pmin=0%2e01&amp;prefn1=brand&amp;prefv1=Pere%20Olive" class="refinement-btn ">
                        <div class="ct-form-checkbox">
                        <input id="Pere Olive" type="checkbox" title="">
                        <label class="ct-form-check-label" for="Pere Olive">
                        Pere Olive <span class="hit-count">(4)</span>
                        </label>
                        <span class="checkmark"></span>
                        </div>
                        <span class="sr-only selected-assistive-text">
                        Refine by Marcas: Pere Olive
                        </span>
                        </button>
                        </li>
                        <li class="refinement-value hide-refinement  ">
                        <button data-href="/on/demandware.store/Sites-continente-Site/default/Search-ShowAjax?cgid=mercearias&amp;pmin=0%2e01&amp;prefn1=brand&amp;prefv1=Peta%20Zetas" class="refinement-btn ">
                        <div class="ct-form-checkbox">
                        <input id="Peta Zetas" type="checkbox" title="">
                        <label class="ct-form-check-label" for="Peta Zetas">
                        Peta Zetas <span class="hit-count">(1)</span>
                        </label>
                        <span class="checkmark"></span>
                        </div>
                        <span class="sr-only selected-assistive-text">
                        Refine by Marcas: Peta Zetas
                        </span>
                        </button>
                        </li>
                        <li class="refinement-value hide-refinement  ">
                        <button data-href="/on/demandware.store/Sites-continente-Site/default/Search-ShowAjax?cgid=mercearias&amp;pmin=0%2e01&amp;prefn1=brand&amp;prefv1=Pez" class="refinement-btn ">
                        <div class="ct-form-checkbox">
                        <input id="Pez" type="checkbox" title="">
                        <label class="ct-form-check-label" for="Pez">
                        Pez <span class="hit-count">(2)</span>
                        </label>
                        <span class="checkmark"></span>
                        </div>
                        <span class="sr-only selected-assistive-text">
                        Refine by Marcas: Pez
                        </span>
                        </button>
                        </li>
                        <li class="refinement-value hide-refinement  ">
                        <button data-href="/on/demandware.store/Sites-continente-Site/default/Search-ShowAjax?cgid=mercearias&amp;pmin=0%2e01&amp;prefn1=brand&amp;prefv1=Pintarolas" class="refinement-btn ">
                        <div class="ct-form-checkbox">
                        <input id="Pintarolas" type="checkbox" title="">
                        <label class="ct-form-check-label" for="Pintarolas">
                        Pintarolas <span class="hit-count">(2)</span>
                        </label>
                        <span class="checkmark"></span>
                        </div>
                        <span class="sr-only selected-assistive-text">
                        Refine by Marcas: Pintarolas
                        </span>
                        </button>
                        </li>
                        <li class="refinement-value hide-refinement  ">
                        <button data-href="/on/demandware.store/Sites-continente-Site/default/Search-ShowAjax?cgid=mercearias&amp;pmin=0%2e01&amp;prefn1=brand&amp;prefv1=Pit%c3%a9u" class="refinement-btn ">
                        <div class="ct-form-checkbox">
                        <input id="Pitéu" type="checkbox" title="">
                        <label class="ct-form-check-label" for="Pitéu">
                        Pitéu <span class="hit-count">(10)</span>
                        </label>
                        <span class="checkmark"></span>
                        </div>
                        <span class="sr-only selected-assistive-text">
                        Refine by Marcas: Pitéu
                        </span>
                        </button>
                        </li>
                        <li class="refinement-value hide-refinement  ">
                        <button data-href="/on/demandware.store/Sites-continente-Site/default/Search-ShowAjax?cgid=mercearias&amp;pmin=0%2e01&amp;prefn1=brand&amp;prefv1=Polaretti" class="refinement-btn ">
                        <div class="ct-form-checkbox">
                        <input id="Polaretti" type="checkbox" title="">
                        <label class="ct-form-check-label" for="Polaretti">
                        Polaretti <span class="hit-count">(1)</span>
                        </label>
                        <span class="checkmark"></span>
                        </div>
                        <span class="sr-only selected-assistive-text">
                        Refine by Marcas: Polaretti
                        </span>
                        </button>
                        </li>
                        <li class="refinement-value hide-refinement  ">
                        <button data-href="/on/demandware.store/Sites-continente-Site/default/Search-ShowAjax?cgid=mercearias&amp;pmin=0%2e01&amp;prefn1=brand&amp;prefv1=Polenghi" class="refinement-btn ">
                        <div class="ct-form-checkbox">
                        <input id="Polenghi" type="checkbox" title="">
                        <label class="ct-form-check-label" for="Polenghi">
                        Polenghi <span class="hit-count">(2)</span>
                        </label>
                        <span class="checkmark"></span>
                        </div>
                        <span class="sr-only selected-assistive-text">
                        Refine by Marcas: Polenghi
                        </span>
                        </button>
                        </li>
                        <li class="refinement-value hide-refinement  ">
                        <button data-href="/on/demandware.store/Sites-continente-Site/default/Search-ShowAjax?cgid=mercearias&amp;pmin=0%2e01&amp;prefn1=brand&amp;prefv1=Ponti" class="refinement-btn ">
                        <div class="ct-form-checkbox">
                        <input id="Ponti" type="checkbox" title="">
                        <label class="ct-form-check-label" for="Ponti">
                        Ponti <span class="hit-count">(13)</span>
                        </label>
                        <span class="checkmark"></span>
                        </div>
                        <span class="sr-only selected-assistive-text">
                        Refine by Marcas: Ponti
                        </span>
                        </button>
                        </li>
                        <li class="refinement-value hide-refinement  ">
                        <button data-href="/on/demandware.store/Sites-continente-Site/default/Search-ShowAjax?cgid=mercearias&amp;pmin=0%2e01&amp;prefn1=brand&amp;prefv1=Popz" class="refinement-btn ">
                        <div class="ct-form-checkbox">
                        <input id="Popz" type="checkbox" title="">
                        <label class="ct-form-check-label" for="Popz">
                        Popz <span class="hit-count">(3)</span>
                        </label>
                        <span class="checkmark"></span>
                        </div>
                        <span class="sr-only selected-assistive-text">
                        Refine by Marcas: Popz
                        </span>
                        </button>
                        </li>
                        <li class="refinement-value hide-refinement  ">
                        <button data-href="/on/demandware.store/Sites-continente-Site/default/Search-ShowAjax?cgid=mercearias&amp;pmin=0%2e01&amp;prefn1=brand&amp;prefv1=Porca%20de%20Mur%c3%a7a" class="refinement-btn ">
                        <div class="ct-form-checkbox">
                        <input id="Porca de Murça" type="checkbox" title="">
                        <label class="ct-form-check-label" for="Porca de Murça">
                        Porca de Murça <span class="hit-count">(1)</span>
                        </label>
                        <span class="checkmark"></span>
                        </div>
                        <span class="sr-only selected-assistive-text">
                        Refine by Marcas: Porca de Murça
                        </span>
                        </button>
                        </li>
                        <li class="refinement-value hide-refinement  ">
                        <button data-href="/on/demandware.store/Sites-continente-Site/default/Search-ShowAjax?cgid=mercearias&amp;pmin=0%2e01&amp;prefn1=brand&amp;prefv1=P%c3%b4r%20do%20Sol" class="refinement-btn ">
                        <div class="ct-form-checkbox">
                        <input id="Pôr do Sol" type="checkbox" title="">
                        <label class="ct-form-check-label" for="Pôr do Sol">
                        Pôr do Sol <span class="hit-count">(1)</span>
                        </label>
                        <span class="checkmark"></span>
                        </div>
                        <span class="sr-only selected-assistive-text">
                        Refine by Marcas: Pôr do Sol
                        </span>
                        </button>
                        </li>
                        <li class="refinement-value hide-refinement  ">
                        <button data-href="/on/demandware.store/Sites-continente-Site/default/Search-ShowAjax?cgid=mercearias&amp;pmin=0%2e01&amp;prefn1=brand&amp;prefv1=Portugal%20Bugs" class="refinement-btn ">
                        <div class="ct-form-checkbox">
                        <input id="Portugal Bugs" type="checkbox" title="">
                        <label class="ct-form-check-label" for="Portugal Bugs">
                        Portugal Bugs <span class="hit-count">(5)</span>
                        </label>
                        <span class="checkmark"></span>
                        </div>
                        <span class="sr-only selected-assistive-text">
                        Refine by Marcas: Portugal Bugs
                        </span>
                        </button>
                        </li>
                        <li class="refinement-value hide-refinement  ">
                        <button data-href="/on/demandware.store/Sites-continente-Site/default/Search-ShowAjax?cgid=mercearias&amp;pmin=0%2e01&amp;prefn1=brand&amp;prefv1=Pousio" class="refinement-btn ">
                        <div class="ct-form-checkbox">
                        <input id="Pousio" type="checkbox" title="">
                        <label class="ct-form-check-label" for="Pousio">
                        Pousio <span class="hit-count">(2)</span>
                        </label>
                        <span class="checkmark"></span>
                        </div>
                        <span class="sr-only selected-assistive-text">
                        Refine by Marcas: Pousio
                        </span>
                        </button>
                        </li>
                        <li class="refinement-value hide-refinement  ">
                        <button data-href="/on/demandware.store/Sites-continente-Site/default/Search-ShowAjax?cgid=mercearias&amp;pmin=0%2e01&amp;prefn1=brand&amp;prefv1=Predilecta" class="refinement-btn ">
                        <div class="ct-form-checkbox">
                        <input id="Predilecta" type="checkbox" title="">
                        <label class="ct-form-check-label" for="Predilecta">
                        Predilecta <span class="hit-count">(1)</span>
                        </label>
                        <span class="checkmark"></span>
                        </div>
                        <span class="sr-only selected-assistive-text">
                        Refine by Marcas: Predilecta
                        </span>
                        </button>
                        </li>
                        <li class="refinement-value hide-refinement  ">
                        <button data-href="/on/demandware.store/Sites-continente-Site/default/Search-ShowAjax?cgid=mercearias&amp;pmin=0%2e01&amp;prefn1=brand&amp;prefv1=Primo" class="refinement-btn ">
                        <div class="ct-form-checkbox">
                        <input id="Primo" type="checkbox" title="">
                        <label class="ct-form-check-label" for="Primo">
                        Primo <span class="hit-count">(1)</span>
                        </label>
                        <span class="checkmark"></span>
                        </div>
                        <span class="sr-only selected-assistive-text">
                        Refine by Marcas: Primo
                        </span>
                        </button>
                        </li>
                        <li class="refinement-value hide-refinement  ">
                        <button data-href="/on/demandware.store/Sites-continente-Site/default/Search-ShowAjax?cgid=mercearias&amp;pmin=0%2e01&amp;prefn1=brand&amp;prefv1=Prince" class="refinement-btn ">
                        <div class="ct-form-checkbox">
                        <input id="Prince" type="checkbox" title="">
                        <label class="ct-form-check-label" for="Prince">
                        Prince <span class="hit-count">(6)</span>
                        </label>
                        <span class="checkmark"></span>
                        </div>
                        <span class="sr-only selected-assistive-text">
                        Refine by Marcas: Prince
                        </span>
                        </button>
                        </li>
                        <li class="refinement-value hide-refinement  ">
                        <button data-href="/on/demandware.store/Sites-continente-Site/default/Search-ShowAjax?cgid=mercearias&amp;pmin=0%2e01&amp;prefn1=brand&amp;prefv1=Pringles" class="refinement-btn ">
                        <div class="ct-form-checkbox">
                        <input id="Pringles" type="checkbox" title="">
                        <label class="ct-form-check-label" for="Pringles">
                        Pringles <span class="hit-count">(12)</span>
                        </label>
                        <span class="checkmark"></span>
                        </div>
                        <span class="sr-only selected-assistive-text">
                        Refine by Marcas: Pringles
                        </span>
                        </button>
                        </li>
                        <li class="refinement-value hide-refinement  ">
                        <button data-href="/on/demandware.store/Sites-continente-Site/default/Search-ShowAjax?cgid=mercearias&amp;pmin=0%2e01&amp;prefn1=brand&amp;prefv1=Prisca" class="refinement-btn ">
                        <div class="ct-form-checkbox">
                        <input id="Prisca" type="checkbox" title="">
                        <label class="ct-form-check-label" for="Prisca">
                        Prisca <span class="hit-count">(40)</span>
                        </label>
                        <span class="checkmark"></span>
                        </div>
                        <span class="sr-only selected-assistive-text">
                        Refine by Marcas: Prisca
                        </span>
                        </button>
                        </li>
                        <li class="refinement-value hide-refinement  ">
                        <button data-href="/on/demandware.store/Sites-continente-Site/default/Search-ShowAjax?cgid=mercearias&amp;pmin=0%2e01&amp;prefn1=brand&amp;prefv1=Prozis" class="refinement-btn ">
                        <div class="ct-form-checkbox">
                        <input id="Prozis" type="checkbox" title="">
                        <label class="ct-form-check-label" for="Prozis">
                        Prozis <span class="hit-count">(3)</span>
                        </label>
                        <span class="checkmark"></span>
                        </div>
                        <span class="sr-only selected-assistive-text">
                        Refine by Marcas: Prozis
                        </span>
                        </button>
                        </li>
                        <li class="refinement-value hide-refinement  ">
                        <button data-href="/on/demandware.store/Sites-continente-Site/default/Search-ShowAjax?cgid=mercearias&amp;pmin=0%2e01&amp;prefn1=brand&amp;prefv1=Pur%20Natur" class="refinement-btn ">
                        <div class="ct-form-checkbox">
                        <input id="Pur Natur" type="checkbox" title="">
                        <label class="ct-form-check-label" for="Pur Natur">
                         Pur Natur <span class="hit-count">(5)</span>
                        </label>
                        <span class="checkmark"></span>
                        </div>
                        <span class="sr-only selected-assistive-text">
                        Refine by Marcas: Pur Natur
                        </span>
                        </button>
                        </li>
                        <li class="refinement-value hide-refinement  ">
                        <button data-href="/on/demandware.store/Sites-continente-Site/default/Search-ShowAjax?cgid=mercearias&amp;pmin=0%2e01&amp;prefn1=brand&amp;prefv1=Qampo" class="refinement-btn ">
                        <div class="ct-form-checkbox">
                        <input id="Qampo" type="checkbox" title="">
                        <label class="ct-form-check-label" for="Qampo">
                        Qampo <span class="hit-count">(5)</span>
                        </label>
                        <span class="checkmark"></span>
                        </div>
                        <span class="sr-only selected-assistive-text">
                        Refine by Marcas: Qampo
                        </span>
                        </button>
                        </li>
                        <li class="refinement-value hide-refinement  ">
                        <button data-href="/on/demandware.store/Sites-continente-Site/default/Search-ShowAjax?cgid=mercearias&amp;pmin=0%2e01&amp;prefn1=brand&amp;prefv1=Quaker" class="refinement-btn ">
                        <div class="ct-form-checkbox">
                        <input id="Quaker" type="checkbox" title="">
                        <label class="ct-form-check-label" for="Quaker">
                        Quaker <span class="hit-count">(8)</span>
                        </label>
                        <span class="checkmark"></span>
                        </div>
                        <span class="sr-only selected-assistive-text">
                        Refine by Marcas: Quaker
                        </span>
                        </button>
                        </li>
                        <li class="refinement-value hide-refinement  ">
                        <button data-href="/on/demandware.store/Sites-continente-Site/default/Search-ShowAjax?cgid=mercearias&amp;pmin=0%2e01&amp;prefn1=brand&amp;prefv1=Quinta%20C%c3%b4ro" class="refinement-btn ">
                        <div class="ct-form-checkbox">
                        <input id="Quinta Côro" type="checkbox" title="">
                        <label class="ct-form-check-label" for="Quinta Côro">
                        Quinta Côro <span class="hit-count">(2)</span>
                        </label>
                        <span class="checkmark"></span>
                        </div>
                        <span class="sr-only selected-assistive-text">
                        Refine by Marcas: Quinta Côro
                        </span>
                        </button>
                        </li>
                        <li class="refinement-value hide-refinement  ">
                        <button data-href="/on/demandware.store/Sites-continente-Site/default/Search-ShowAjax?cgid=mercearias&amp;pmin=0%2e01&amp;prefn1=brand&amp;prefv1=Quinta%20da%20Lagoalva" class="refinement-btn ">
                        <div class="ct-form-checkbox">
                        <input id="Quinta da Lagoalva" type="checkbox" title="">
                        <label class="ct-form-check-label" for="Quinta da Lagoalva">
                        Quinta da Lagoalva <span class="hit-count">(1)</span>
                        </label>
                        <span class="checkmark"></span>
                        </div>
                        <span class="sr-only selected-assistive-text">
                        Refine by Marcas: Quinta da Lagoalva
                        </span>
                        </button>
                        </li>
                        <li class="refinement-value hide-refinement  ">
                        <button data-href="/on/demandware.store/Sites-continente-Site/default/Search-ShowAjax?cgid=mercearias&amp;pmin=0%2e01&amp;prefn1=brand&amp;prefv1=Quinta%20de%20Jugais" class="refinement-btn ">
                        <div class="ct-form-checkbox">
                        <input id="Quinta de Jugais" type="checkbox" title="">
                        <label class="ct-form-check-label" for="Quinta de Jugais">
                        Quinta de Jugais <span class="hit-count">(7)</span>
                        </label>
                        <span class="checkmark"></span>
                        </div>
                        <span class="sr-only selected-assistive-text">
                        Refine by Marcas: Quinta de Jugais
                        </span>
                        </button>
                        </li>
                        <li class="refinement-value hide-refinement  ">
                        <button data-href="/on/demandware.store/Sites-continente-Site/default/Search-ShowAjax?cgid=mercearias&amp;pmin=0%2e01&amp;prefn1=brand&amp;prefv1=Quinta%20do%20Crasto" class="refinement-btn ">
                        <div class="ct-form-checkbox">
                        <input id="Quinta do Crasto" type="checkbox" title="">
                        <label class="ct-form-check-label" for="Quinta do Crasto">
                        Quinta do Crasto <span class="hit-count">(1)</span>
                        </label>
                        <span class="checkmark"></span>
                        </div>
                        <span class="sr-only selected-assistive-text">
                        Refine by Marcas: Quinta do Crasto
                        </span>
                        </button>
                        </li>
                        <li class="refinement-value hide-refinement  ">
                        <button data-href="/on/demandware.store/Sites-continente-Site/default/Search-ShowAjax?cgid=mercearias&amp;pmin=0%2e01&amp;prefn1=brand&amp;prefv1=Quinta%20do%20Juncal" class="refinement-btn ">
                        <div class="ct-form-checkbox">
                        <input id="Quinta do Juncal" type="checkbox" title="">
                        <label class="ct-form-check-label" for="Quinta do Juncal">
                        Quinta do Juncal <span class="hit-count">(1)</span>
                        </label>
                        <span class="checkmark"></span>
                        </div>
                        <span class="sr-only selected-assistive-text">
                        Refine by Marcas: Quinta do Juncal
                        </span>
                        </button>
                        </li>
                        <li class="refinement-value hide-refinement  ">
                        <button data-href="/on/demandware.store/Sites-continente-Site/default/Search-ShowAjax?cgid=mercearias&amp;pmin=0%2e01&amp;prefn1=brand&amp;prefv1=Quinta%20do%20Vallado" class="refinement-btn ">
                        <div class="ct-form-checkbox">
                        <input id="Quinta do Vallado" type="checkbox" title="">
                        <label class="ct-form-check-label" for="Quinta do Vallado">
                        Quinta do Vallado <span class="hit-count">(1)</span>
                        </label>
                        <span class="checkmark"></span>
                        </div>
                        <span class="sr-only selected-assistive-text">
                        Refine by Marcas: Quinta do Vallado
                        </span>
                        </button>
                        </li>
                        <li class="refinement-value hide-refinement  ">
                        <button data-href="/on/demandware.store/Sites-continente-Site/default/Search-ShowAjax?cgid=mercearias&amp;pmin=0%2e01&amp;prefn1=brand&amp;prefv1=Raffaello" class="refinement-btn ">
                        <div class="ct-form-checkbox">
                        <input id="Raffaello" type="checkbox" title="">
                        <label class="ct-form-check-label" for="Raffaello">
                        Raffaello <span class="hit-count">(4)</span>
                        </label>
                        <span class="checkmark"></span>
                        </div>
                        <span class="sr-only selected-assistive-text">
                        Refine by Marcas: Raffaello
                        </span>
                        </button>
                        </li>
                        <li class="refinement-value hide-refinement  ">
                        <button data-href="/on/demandware.store/Sites-continente-Site/default/Search-ShowAjax?cgid=mercearias&amp;pmin=0%2e01&amp;prefn1=brand&amp;prefv1=Ra%c3%adzes%20da%20Natureza" class="refinement-btn ">
                        <div class="ct-form-checkbox">
                        <input id="Raízes da Natureza" type="checkbox" title="">
                        <label class="ct-form-check-label" for="Raízes da Natureza">
                        Raízes da Natureza <span class="hit-count">(27)</span>
                        </label>
                        <span class="checkmark"></span>
                        </div>
                        <span class="sr-only selected-assistive-text">
                        Refine by Marcas: Raízes da Natureza
                        </span>
                        </button>
                        </li>
                        <li class="refinement-value hide-refinement  ">
                        <button data-href="/on/demandware.store/Sites-continente-Site/default/Search-ShowAjax?cgid=mercearias&amp;pmin=0%2e01&amp;prefn1=brand&amp;prefv1=Rajah" class="refinement-btn ">
                        <div class="ct-form-checkbox">
                        <input id="Rajah" type="checkbox" title="">
                        <label class="ct-form-check-label" for="Rajah">
                        Rajah <span class="hit-count">(2)</span>
                        </label>
                        <span class="checkmark"></span>
                        </div>
                        <span class="sr-only selected-assistive-text">
                        Refine by Marcas: Rajah
                        </span>
                        </button>
                        </li>
                        <li class="refinement-value hide-refinement  ">
                        <button data-href="/on/demandware.store/Sites-continente-Site/default/Search-ShowAjax?cgid=mercearias&amp;pmin=0%2e01&amp;prefn1=brand&amp;prefv1=Rana" class="refinement-btn ">
                        <div class="ct-form-checkbox">
                        <input id="Rana" type="checkbox" title="">
                        <label class="ct-form-check-label" for="Rana">
                        Rana <span class="hit-count">(3)</span>
                        </label>
                        <span class="checkmark"></span>
                        </div>
                        <span class="sr-only selected-assistive-text">
                        Refine by Marcas: Rana
                        </span>
                        </button>
                        </li>
                        <li class="refinement-value hide-refinement  ">
                        <button data-href="/on/demandware.store/Sites-continente-Site/default/Search-ShowAjax?cgid=mercearias&amp;pmin=0%2e01&amp;prefn1=brand&amp;prefv1=Reeses" class="refinement-btn ">
                        <div class="ct-form-checkbox">
                        <input id="Reeses" type="checkbox" title="">
                        <label class="ct-form-check-label" for="Reeses">
                        Reeses <span class="hit-count">(7)</span>
                        </label>
                        <span class="checkmark"></span>
                        </div>
                        <span class="sr-only selected-assistive-text">
                        Refine by Marcas: Reeses
                        </span>
                        </button>
                        </li>
                        <li class="refinement-value hide-refinement  ">
                        <button data-href="/on/demandware.store/Sites-continente-Site/default/Search-ShowAjax?cgid=mercearias&amp;pmin=0%2e01&amp;prefn1=brand&amp;prefv1=Regina" class="refinement-btn ">
                        <div class="ct-form-checkbox">
                        <input id="Regina" type="checkbox" title="">
                        <label class="ct-form-check-label" for="Regina">
                        Regina <span class="hit-count">(21)</span>
                        </label>
                        <span class="checkmark"></span>
                        </div>
                        <span class="sr-only selected-assistive-text">
                        Refine by Marcas: Regina
                        </span>
                        </button>
                        </li>
                        <li class="refinement-value hide-refinement  ">
                        <button data-href="/on/demandware.store/Sites-continente-Site/default/Search-ShowAjax?cgid=mercearias&amp;pmin=0%2e01&amp;prefn1=brand&amp;prefv1=Reina" class="refinement-btn ">
                        <div class="ct-form-checkbox">
                        <input id="Reina" type="checkbox" title="">
                        <label class="ct-form-check-label" for="Reina">
                        Reina <span class="hit-count">(6)</span>
                        </label>
                        <span class="checkmark"></span>
                        </div>
                        <span class="sr-only selected-assistive-text">
                        Refine by Marcas: Reina
                        </span>
                        </button>
                        </li>
                        <li class="refinement-value hide-refinement  ">
                        <button data-href="/on/demandware.store/Sites-continente-Site/default/Search-ShowAjax?cgid=mercearias&amp;pmin=0%2e01&amp;prefn1=brand&amp;prefv1=Rialto" class="refinement-btn ">
                        <div class="ct-form-checkbox">
                        <input id="Rialto" type="checkbox" title="">
                        <label class="ct-form-check-label" for="Rialto">
                        Rialto <span class="hit-count">(1)</span>
                        </label>
                        <span class="checkmark"></span>
                        </div>
                        <span class="sr-only selected-assistive-text">
                        Refine by Marcas: Rialto
                        </span>
                        </button>
                        </li>
                        <li class="refinement-value hide-refinement  ">
                        <button data-href="/on/demandware.store/Sites-continente-Site/default/Search-ShowAjax?cgid=mercearias&amp;pmin=0%2e01&amp;prefn1=brand&amp;prefv1=Ribeira" class="refinement-btn ">
                        <div class="ct-form-checkbox">
                        <input id="Ribeira" type="checkbox" title="">
                        <label class="ct-form-check-label" for="Ribeira">
                        Ribeira <span class="hit-count">(9)</span>
                        </label>
                        <span class="checkmark"></span>
                        </div>
                        <span class="sr-only selected-assistive-text">
                        Refine by Marcas: Ribeira
                        </span>
                        </button>
                        </li>
                        <li class="refinement-value hide-refinement  ">
                        <button data-href="/on/demandware.store/Sites-continente-Site/default/Search-ShowAjax?cgid=mercearias&amp;pmin=0%2e01&amp;prefn1=brand&amp;prefv1=Ricor%c3%a9" class="refinement-btn ">
                        <div class="ct-form-checkbox">
                        <input id="Ricoré" type="checkbox" title="">
                        <label class="ct-form-check-label" for="Ricoré">
                        Ricoré <span class="hit-count">(1)</span>
                        </label>
                        <span class="checkmark"></span>
                        </div>
                        <span class="sr-only selected-assistive-text">
                        Refine by Marcas: Ricoré
                        </span>
                        </button>
                        </li>
                        <li class="refinement-value hide-refinement  ">
                        <button data-href="/on/demandware.store/Sites-continente-Site/default/Search-ShowAjax?cgid=mercearias&amp;pmin=0%2e01&amp;prefn1=brand&amp;prefv1=Riso%20Gallo" class="refinement-btn ">
                        <div class="ct-form-checkbox">
                        <input id="Riso Gallo" type="checkbox" title="">
                        <label class="ct-form-check-label" for="Riso Gallo">
                        Riso Gallo <span class="hit-count">(3)</span>
                        </label>
                        <span class="checkmark"></span>
                        </div>
                        <span class="sr-only selected-assistive-text">
                        Refine by Marcas: Riso Gallo
                        </span>
                        </button>
                        </li>
                        <li class="refinement-value hide-refinement  ">
                        <button data-href="/on/demandware.store/Sites-continente-Site/default/Search-ShowAjax?cgid=mercearias&amp;pmin=0%2e01&amp;prefn1=brand&amp;prefv1=Ritter%20Sport" class="refinement-btn ">
                        <div class="ct-form-checkbox">
                        <input id="Ritter Sport" type="checkbox" title="">
                        <label class="ct-form-check-label" for="Ritter Sport">
                        Ritter Sport <span class="hit-count">(4)</span>
                        </label>
                        <span class="checkmark"></span>
                        </div>
                        <span class="sr-only selected-assistive-text">
                        Refine by Marcas: Ritter Sport
                        </span>
                        </button>
                        </li>
                        <li class="refinement-value hide-refinement  ">
                        <button data-href="/on/demandware.store/Sites-continente-Site/default/Search-ShowAjax?cgid=mercearias&amp;pmin=0%2e01&amp;prefn1=brand&amp;prefv1=Rosmaninho" class="refinement-btn ">
                        <div class="ct-form-checkbox">
                        <input id="Rosmaninho" type="checkbox" title="">
                        <label class="ct-form-check-label" for="Rosmaninho">
                        Rosmaninho <span class="hit-count">(2)</span>
                        </label>
                        <span class="checkmark"></span>
                        </div>
                        <span class="sr-only selected-assistive-text">
                        Refine by Marcas: Rosmaninho
                        </span>
                        </button>
                        </li>
                        <li class="refinement-value hide-refinement  ">
                        <button data-href="/on/demandware.store/Sites-continente-Site/default/Search-ShowAjax?cgid=mercearias&amp;pmin=0%2e01&amp;prefn1=brand&amp;prefv1=Royal" class="refinement-btn ">
                        <div class="ct-form-checkbox">
                        <input id="Royal" type="checkbox" title="">
                        <label class="ct-form-check-label" for="Royal">
                        Royal <span class="hit-count">(38)</span>
                        </label>
                         <span class="checkmark"></span>
                        </div>
                        <span class="sr-only selected-assistive-text">
                        Refine by Marcas: Royal
                        </span>
                        </button>
                        </li>
                        <li class="refinement-value hide-refinement  ">
                        <button data-href="/on/demandware.store/Sites-continente-Site/default/Search-ShowAjax?cgid=mercearias&amp;pmin=0%2e01&amp;prefn1=brand&amp;prefv1=Rude%20Health" class="refinement-btn ">
                        <div class="ct-form-checkbox">
                        <input id="Rude Health" type="checkbox" title="">
                        <label class="ct-form-check-label" for="Rude Health">
                        Rude Health <span class="hit-count">(15)</span>
                        </label>
                        <span class="checkmark"></span>
                        </div>
                        <span class="sr-only selected-assistive-text">
                        Refine by Marcas: Rude Health
                        </span>
                        </button>
                        </li>
                        <li class="refinement-value hide-refinement  ">
                        <button data-href="/on/demandware.store/Sites-continente-Site/default/Search-ShowAjax?cgid=mercearias&amp;pmin=0%2e01&amp;prefn1=brand&amp;prefv1=Ruffles" class="refinement-btn ">
                        <div class="ct-form-checkbox">
                        <input id="Ruffles" type="checkbox" title="">
                        <label class="ct-form-check-label" for="Ruffles">
                        Ruffles <span class="hit-count">(10)</span>
                        </label>
                        <span class="checkmark"></span>
                        </div>
                        <span class="sr-only selected-assistive-text">
                        Refine by Marcas: Ruffles
                        </span>
                        </button>
                        </li>
                        <li class="refinement-value hide-refinement  ">
                        <button data-href="/on/demandware.store/Sites-continente-Site/default/Search-ShowAjax?cgid=mercearias&amp;pmin=0%2e01&amp;prefn1=brand&amp;prefv1=Rummo" class="refinement-btn ">
                        <div class="ct-form-checkbox">
                        <input id="Rummo" type="checkbox" title="">
                        <label class="ct-form-check-label" for="Rummo">
                        Rummo <span class="hit-count">(13)</span>
                        </label>
                        <span class="checkmark"></span>
                        </div>
                        <span class="sr-only selected-assistive-text">
                        Refine by Marcas: Rummo
                        </span>
                        </button>
                        </li>
                        <li class="refinement-value hide-refinement  ">
                        <button data-href="/on/demandware.store/Sites-continente-Site/default/Search-ShowAjax?cgid=mercearias&amp;pmin=0%2e01&amp;prefn1=brand&amp;prefv1=Rustik%20Bakery" class="refinement-btn ">
                        <div class="ct-form-checkbox">
                        <input id="Rustik Bakery" type="checkbox" title="">
                        <label class="ct-form-check-label" for="Rustik Bakery">
                        Rustik Bakery <span class="hit-count">(2)</span>
                        </label>
                        <span class="checkmark"></span>
                        </div>
                        <span class="sr-only selected-assistive-text">
                        Refine by Marcas: Rustik Bakery
                        </span>
                        </button>
                        </li>
                        <li class="refinement-value hide-refinement  ">
                        <button data-href="/on/demandware.store/Sites-continente-Site/default/Search-ShowAjax?cgid=mercearias&amp;pmin=0%2e01&amp;prefn1=brand&amp;prefv1=Saborosa" class="refinement-btn ">
                        <div class="ct-form-checkbox">
                        <input id="Saborosa" type="checkbox" title="">
                        <label class="ct-form-check-label" for="Saborosa">
                        Saborosa <span class="hit-count">(7)</span>
                        </label>
                        <span class="checkmark"></span>
                        </div>
                        <span class="sr-only selected-assistive-text">
                        Refine by Marcas: Saborosa
                        </span>
                        </button>
                        </li>
                        <li class="refinement-value hide-refinement  ">
                        <button data-href="/on/demandware.store/Sites-continente-Site/default/Search-ShowAjax?cgid=mercearias&amp;pmin=0%2e01&amp;prefn1=brand&amp;prefv1=Sacla" class="refinement-btn ">
                        <div class="ct-form-checkbox">
                        <input id="Sacla" type="checkbox" title="">
                        <label class="ct-form-check-label" for="Sacla">
                        Sacla <span class="hit-count">(3)</span>
                        </label>
                        <span class="checkmark"></span>
                        </div>
                        <span class="sr-only selected-assistive-text">
                        Refine by Marcas: Sacla
                        </span>
                        </button>
                        </li>
                        <li class="refinement-value hide-refinement  ">
                        <button data-href="/on/demandware.store/Sites-continente-Site/default/Search-ShowAjax?cgid=mercearias&amp;pmin=0%2e01&amp;prefn1=brand&amp;prefv1=Saitaku" class="refinement-btn ">
                        <div class="ct-form-checkbox">
                        <input id="Saitaku" type="checkbox" title="">
                        <label class="ct-form-check-label" for="Saitaku">
                        Saitaku <span class="hit-count">(8)</span>
                        </label>
                        <span class="checkmark"></span>
                        </div>
                        <span class="sr-only selected-assistive-text">
                        Refine by Marcas: Saitaku
                        </span>
                        </button>
                        </li>
                        <li class="refinement-value hide-refinement  ">
                        <button data-href="/on/demandware.store/Sites-continente-Site/default/Search-ShowAjax?cgid=mercearias&amp;pmin=0%2e01&amp;prefn1=brand&amp;prefv1=Sakura" class="refinement-btn ">
                        <div class="ct-form-checkbox">
                        <input id="Sakura" type="checkbox" title="">
                        <label class="ct-form-check-label" for="Sakura">
                        Sakura <span class="hit-count">(1)</span>
                        </label>
                        <span class="checkmark"></span>
                        </div>
                        <span class="sr-only selected-assistive-text">
                        Refine by Marcas: Sakura
                        </span>
                        </button>
                        </li>
                        <li class="refinement-value hide-refinement  ">
                        <button data-href="/on/demandware.store/Sites-continente-Site/default/Search-ShowAjax?cgid=mercearias&amp;pmin=0%2e01&amp;prefn1=brand&amp;prefv1=Saloinha" class="refinement-btn ">
                        <div class="ct-form-checkbox">
                        <input id="Saloinha" type="checkbox" title="">
                        <label class="ct-form-check-label" for="Saloinha">
                        Saloinha <span class="hit-count">(5)</span>
                        </label>
                        <span class="checkmark"></span>
                        </div>
                        <span class="sr-only selected-assistive-text">
                        Refine by Marcas: Saloinha
                        </span>
                        </button>
                        </li>
                        <li class="refinement-value hide-refinement  ">
                        <button data-href="/on/demandware.store/Sites-continente-Site/default/Search-ShowAjax?cgid=mercearias&amp;pmin=0%2e01&amp;prefn1=brand&amp;prefv1=Salud%c3%a3es" class="refinement-btn ">
                        <div class="ct-form-checkbox">
                        <input id="Saludães" type="checkbox" title="">
                        <label class="ct-form-check-label" for="Saludães">
                        Saludães <span class="hit-count">(9)</span>
                        </label>
                        <span class="checkmark"></span>
                        </div>
                        <span class="sr-only selected-assistive-text">
                        Refine by Marcas: Saludães
                        </span>
                        </button>
                        </li>
                        <li class="refinement-value hide-refinement  ">
                        <button data-href="/on/demandware.store/Sites-continente-Site/default/Search-ShowAjax?cgid=mercearias&amp;pmin=0%2e01&amp;prefn1=brand&amp;prefv1=Salutem" class="refinement-btn ">
                        <div class="ct-form-checkbox">
                        <input id="Salutem" type="checkbox" title="">
                        <label class="ct-form-check-label" for="Salutem">
                        Salutem <span class="hit-count">(35)</span>
                        </label>
                        <span class="checkmark"></span>
                        </div>
                        <span class="sr-only selected-assistive-text">
                        Refine by Marcas: Salutem
                         </span>
                        </button>
                        </li>
                        <li class="refinement-value hide-refinement  ">
                        <button data-href="/on/demandware.store/Sites-continente-Site/default/Search-ShowAjax?cgid=mercearias&amp;pmin=0%2e01&amp;prefn1=brand&amp;prefv1=Santa%20Catarina" class="refinement-btn ">
                        <div class="ct-form-checkbox">
                        <input id="Santa Catarina" type="checkbox" title="">
                        <label class="ct-form-check-label" for="Santa Catarina">
                        Santa Catarina <span class="hit-count">(6)</span>
                        </label>
                        <span class="checkmark"></span>
                        </div>
                        <span class="sr-only selected-assistive-text">
                        Refine by Marcas: Santa Catarina
                        </span>
                        </button>
                        </li>
                        <li class="refinement-value hide-refinement  ">
                        <button data-href="/on/demandware.store/Sites-continente-Site/default/Search-ShowAjax?cgid=mercearias&amp;pmin=0%2e01&amp;prefn1=brand&amp;prefv1=Santa%20Vit%c3%b3ria" class="refinement-btn ">
                        <div class="ct-form-checkbox">
                        <input id="Santa Vitória" type="checkbox" title="">
                        <label class="ct-form-check-label" for="Santa Vitória">
                        Santa Vitória <span class="hit-count">(1)</span>
                        </label>
                        <span class="checkmark"></span>
                        </div>
                        <span class="sr-only selected-assistive-text">
                        Refine by Marcas: Santa Vitória
                        </span>
                        </button>
                        </li>
                        <li class="refinement-value hide-refinement  ">
                        <button data-href="/on/demandware.store/Sites-continente-Site/default/Search-ShowAjax?cgid=mercearias&amp;pmin=0%2e01&amp;prefn1=brand&amp;prefv1=Santiago" class="refinement-btn ">
                        <div class="ct-form-checkbox">
                        <input id="Santiago" type="checkbox" title="">
                        <label class="ct-form-check-label" for="Santiago">
                        Santiago <span class="hit-count">(1)</span>
                        </label>
                        <span class="checkmark"></span>
                        </div>
                        <span class="sr-only selected-assistive-text">
                        Refine by Marcas: Santiago
                        </span>
                        </button>
                        </li>
                        <li class="refinement-value hide-refinement  ">
                        <button data-href="/on/demandware.store/Sites-continente-Site/default/Search-ShowAjax?cgid=mercearias&amp;pmin=0%2e01&amp;prefn1=brand&amp;prefv1=Sanz%c3%a9" class="refinement-btn ">
                        <div class="ct-form-checkbox">
                        <input id="Sanzé" type="checkbox" title="">
                        <label class="ct-form-check-label" for="Sanzé">
                        Sanzé <span class="hit-count">(1)</span>
                        </label>
                        <span class="checkmark"></span>
                        </div>
                        <span class="sr-only selected-assistive-text">
                        Refine by Marcas: Sanzé
                        </span>
                        </button>
                        </li>
                        <li class="refinement-value hide-refinement  ">
                        <button data-href="/on/demandware.store/Sites-continente-Site/default/Search-ShowAjax?cgid=mercearias&amp;pmin=0%2e01&amp;prefn1=brand&amp;prefv1=Sau%20Tao" class="refinement-btn ">
                        <div class="ct-form-checkbox">
                        <input id="Sau Tao" type="checkbox" title="">
                        <label class="ct-form-check-label" for="Sau Tao">
                        Sau Tao <span class="hit-count">(2)</span>
                        </label>
                        <span class="checkmark"></span>
                        </div>
                        <span class="sr-only selected-assistive-text">
                        Refine by Marcas: Sau Tao
                        </span>
                        </button>
                        </li>
                        <li class="refinement-value hide-refinement  ">
                        <button data-href="/on/demandware.store/Sites-continente-Site/default/Search-ShowAjax?cgid=mercearias&amp;pmin=0%2e01&amp;prefn1=brand&amp;prefv1=Savora" class="refinement-btn ">
                        <div class="ct-form-checkbox">
                         <input id="Savora" type="checkbox" title="">
                        <label class="ct-form-check-label" for="Savora">
                        Savora <span class="hit-count">(4)</span>
                        </label>
                        <span class="checkmark"></span>
                        </div>
                        <span class="sr-only selected-assistive-text">
                        Refine by Marcas: Savora
                        </span>
                        </button>
                        </li>
                        <li class="refinement-value hide-refinement  ">
                        <button data-href="/on/demandware.store/Sites-continente-Site/default/Search-ShowAjax?cgid=mercearias&amp;pmin=0%2e01&amp;prefn1=brand&amp;prefv1=Sch%c3%a4r" class="refinement-btn ">
                        <div class="ct-form-checkbox">
                        <input id="Schär" type="checkbox" title="">
                        <label class="ct-form-check-label" for="Schär">
                        Schär <span class="hit-count">(3)</span>
                        </label>
                        <span class="checkmark"></span>
                        </div>
                        <span class="sr-only selected-assistive-text">
                        Refine by Marcas: Schär
                        </span>
                        </button>
                        </li>
                        <li class="refinement-value hide-refinement  ">
                        <button data-href="/on/demandware.store/Sites-continente-Site/default/Search-ShowAjax?cgid=mercearias&amp;pmin=0%2e01&amp;prefn1=brand&amp;prefv1=Schoko%20Brotchen" class="refinement-btn ">
                        <div class="ct-form-checkbox">
                        <input id="Schoko Brotchen" type="checkbox" title="">
                        <label class="ct-form-check-label" for="Schoko Brotchen">
                        Schoko Brotchen <span class="hit-count">(1)</span>
                        </label>
                        <span class="checkmark"></span>
                        </div>
                        <span class="sr-only selected-assistive-text">
                        Refine by Marcas: Schoko Brotchen
                        </span>
                        </button>
                        </li>
                        <li class="refinement-value hide-refinement  ">
                        <button data-href="/on/demandware.store/Sites-continente-Site/default/Search-ShowAjax?cgid=mercearias&amp;pmin=0%2e01&amp;prefn1=brand&amp;prefv1=Scotti" class="refinement-btn ">
                        <div class="ct-form-checkbox">
                        <input id="Scotti" type="checkbox" title="">
                        <label class="ct-form-check-label" for="Scotti">
                        Scotti <span class="hit-count">(3)</span>
                        </label>
                        <span class="checkmark"></span>
                        </div>
                        <span class="sr-only selected-assistive-text">
                        Refine by Marcas: Scotti
                        </span>
                        </button>
                        </li>
                        <li class="refinement-value hide-refinement  ">
                        <button data-href="/on/demandware.store/Sites-continente-Site/default/Search-ShowAjax?cgid=mercearias&amp;pmin=0%2e01&amp;prefn1=brand&amp;prefv1=Seara" class="refinement-btn ">
                        <div class="ct-form-checkbox">
                        <input id="Seara" type="checkbox" title="">
                        <label class="ct-form-check-label" for="Seara">
                        Seara <span class="hit-count">(41)</span>
                        </label>
                        <span class="checkmark"></span>
                        </div>
                        <span class="sr-only selected-assistive-text">
                        Refine by Marcas: Seara
                        </span>
                        </button>
                        </li>
                        <li class="refinement-value hide-refinement  ">
                        <button data-href="/on/demandware.store/Sites-continente-Site/default/Search-ShowAjax?cgid=mercearias&amp;pmin=0%2e01&amp;prefn1=brand&amp;prefv1=Segafredo" class="refinement-btn ">
                        <div class="ct-form-checkbox">
                        <input id="Segafredo" type="checkbox" title="">
                        <label class="ct-form-check-label" for="Segafredo">
                        Segafredo <span class="hit-count">(10)</span>
                        </label>
                        <span class="checkmark"></span>
                        </div>
                        <span class="sr-only selected-assistive-text">
                        Refine by Marcas: Segafredo
                        </span>
                        </button>
                        </li>
                        
                        <li class="refinement-value hide-refinement  ">
                        <button data-href="/on/demandware.store/Sites-continente-Site/default/Search-ShowAjax?cgid=mercearias&amp;pmin=0%2e01&amp;prefn1=brand&amp;prefv1=Serramel" class="refinement-btn ">
                        <div class="ct-form-checkbox">
                        <input id="Serramel" type="checkbox" title="">
                        <label class="ct-form-check-label" for="Serramel">
                        Serramel <span class="hit-count">(9)</span>
                        </label>
                        <span class="checkmark"></span>
                        </div>
                        <span class="sr-only selected-assistive-text">
                        Refine by Marcas: Serramel
                        </span>
                        </button>
                        </li>
                        <li class="refinement-value hide-refinement  ">
                        <button data-href="/on/demandware.store/Sites-continente-Site/default/Search-ShowAjax?cgid=mercearias&amp;pmin=0%2e01&amp;prefn1=brand&amp;prefv1=Sharwoods" class="refinement-btn ">
                        <div class="ct-form-checkbox">
                        <input id="Sharwoods" type="checkbox" title="">
                        <label class="ct-form-check-label" for="Sharwoods">
                        Sharwoods <span class="hit-count">(2)</span>
                        </label>
                        <span class="checkmark"></span>
                        </div>
                        <span class="sr-only selected-assistive-text">
                        Refine by Marcas: Sharwoods
                        </span>
                        </button>
                        </li>
                        <li class="refinement-value hide-refinement  ">
                        <button data-href="/on/demandware.store/Sites-continente-Site/default/Search-ShowAjax?cgid=mercearias&amp;pmin=0%2e01&amp;prefn1=brand&amp;prefv1=Shine" class="refinement-btn ">
                        <div class="ct-form-checkbox">
                        <input id="Shine" type="checkbox" title="">
                        <label class="ct-form-check-label" for="Shine">
                        Shine <span class="hit-count">(14)</span>
                        </label>
                        <span class="checkmark"></span>
                        </div>
                        <span class="sr-only selected-assistive-text">
                        Refine by Marcas: Shine
                        </span>
                        </button>
                        </li>
                        <li class="refinement-value hide-refinement  ">
                        <button data-href="/on/demandware.store/Sites-continente-Site/default/Search-ShowAjax?cgid=mercearias&amp;pmin=0%2e01&amp;prefn1=brand&amp;prefv1=Sical" class="refinement-btn ">
                        <div class="ct-form-checkbox">
                        <input id="Sical" type="checkbox" title="">
                        <label class="ct-form-check-label" for="Sical">
                        Sical <span class="hit-count">(17)</span>
                        </label>
                        <span class="checkmark"></span>
                        </div>
                        <span class="sr-only selected-assistive-text">
                        Refine by Marcas: Sical
                        </span>
                        </button>
                        </li>
                        <li class="refinement-value hide-refinement  ">
                        <button data-href="/on/demandware.store/Sites-continente-Site/default/Search-ShowAjax?cgid=mercearias&amp;pmin=0%2e01&amp;prefn1=brand&amp;prefv1=Sicasal" class="refinement-btn ">
                        <div class="ct-form-checkbox">
                        <input id="Sicasal" type="checkbox" title="">
                        <label class="ct-form-check-label" for="Sicasal">
                        Sicasal <span class="hit-count">(1)</span>
                        </label>
                        <span class="checkmark"></span>
                        </div>
                        <span class="sr-only selected-assistive-text">
                        Refine by Marcas: Sicasal
                        </span>
                        </button>
                        </li>
                        <li class="refinement-value hide-refinement  ">
                        <button data-href="/on/demandware.store/Sites-continente-Site/default/Search-ShowAjax?cgid=mercearias&amp;pmin=0%2e01&amp;prefn1=brand&amp;prefv1=Sidul" class="refinement-btn ">
                        <div class="ct-form-checkbox">
                        <input id="Sidul" type="checkbox" title="">
                        <label class="ct-form-check-label" for="Sidul">
                        Sidul <span class="hit-count">(14)</span>
                        </label>
                        <span class="checkmark"></span>
                        </div>
                        <span class="sr-only selected-assistive-text">
                        Refine by Marcas: Sidul
                        </span>
                        </button>
                        </li>
                        <li class="refinement-value hide-refinement  ">
                        <button data-href="/on/demandware.store/Sites-continente-Site/default/Search-ShowAjax?cgid=mercearias&amp;pmin=0%2e01&amp;prefn1=brand&amp;prefv1=Skippy" class="refinement-btn ">
                        <div class="ct-form-checkbox">
                        <input id="Skippy" type="checkbox" title="">
                        <label class="ct-form-check-label" for="Skippy">
                        Skippy <span class="hit-count">(2)</span>
                        </label>
                        <span class="checkmark"></span>
                        </div>
                        <span class="sr-only selected-assistive-text">
                        Refine by Marcas: Skippy
                        </span>
                        </button>
                        </li>
                        <li class="refinement-value hide-refinement  ">
                        <button data-href="/on/demandware.store/Sites-continente-Site/default/Search-ShowAjax?cgid=mercearias&amp;pmin=0%2e01&amp;prefn1=brand&amp;prefv1=Skittles" class="refinement-btn ">
                        <div class="ct-form-checkbox">
                        <input id="Skittles" type="checkbox" title="">
                        <label class="ct-form-check-label" for="Skittles">
                        Skittles <span class="hit-count">(4)</span>
                        </label>
                        <span class="checkmark"></span>
                        </div>
                        <span class="sr-only selected-assistive-text">
                        Refine by Marcas: Skittles
                        </span>
                        </button>
                        </li>
                        <li class="refinement-value hide-refinement  ">
                        <button data-href="/on/demandware.store/Sites-continente-Site/default/Search-ShowAjax?cgid=mercearias&amp;pmin=0%2e01&amp;prefn1=brand&amp;prefv1=Smarties" class="refinement-btn ">
                        <div class="ct-form-checkbox">
                        <input id="Smarties" type="checkbox" title="">
                        <label class="ct-form-check-label" for="Smarties">
                        Smarties <span class="hit-count">(3)</span>
                        </label>
                        <span class="checkmark"></span>
                        </div>
                        <span class="sr-only selected-assistive-text">
                        Refine by Marcas: Smarties
                        </span>
                        </button>
                        </li>
                        <li class="refinement-value hide-refinement  ">
                        <button data-href="/on/demandware.store/Sites-continente-Site/default/Search-ShowAjax?cgid=mercearias&amp;pmin=0%2e01&amp;prefn1=brand&amp;prefv1=Smint" class="refinement-btn ">
                        <div class="ct-form-checkbox">
                        <input id="Smint" type="checkbox" title="">
                        <label class="ct-form-check-label" for="Smint">
                        Smint <span class="hit-count">(12)</span>
                        </label>
                        <span class="checkmark"></span>
                        </div>
                        <span class="sr-only selected-assistive-text">
                        Refine by Marcas: Smint
                        </span>
                        </button>
                        </li>
                        <li class="refinement-value hide-refinement  ">
                        <button data-href="/on/demandware.store/Sites-continente-Site/default/Search-ShowAjax?cgid=mercearias&amp;pmin=0%2e01&amp;prefn1=brand&amp;prefv1=Snickers" class="refinement-btn ">
                        <div class="ct-form-checkbox">
                        <input id="Snickers" type="checkbox" title="">
                        <label class="ct-form-check-label" for="Snickers">
                        Snickers <span class="hit-count">(5)</span>
                        </label>
                        <span class="checkmark"></span>
                        </div>
                        <span class="sr-only selected-assistive-text">
                        Refine by Marcas: Snickers
                        </span>
                        </button>
                        </li>
                        <li class="refinement-value hide-refinement  ">
                        <button data-href="/on/demandware.store/Sites-continente-Site/default/Search-ShowAjax?cgid=mercearias&amp;pmin=0%2e01&amp;prefn1=brand&amp;prefv1=Sobba" class="refinement-btn ">
                        <div class="ct-form-checkbox">
                        <input id="Sobba" type="checkbox" title="">
                        <label class="ct-form-check-label" for="Sobba">
                        Sobba <span class="hit-count">(3)</span>
                        </label>
                        <span class="checkmark"></span>
                        </div>
                        <span class="sr-only selected-assistive-text">
                        Refine by Marcas: Sobba
                        </span>
                        </button>
                        </li>
                        <li class="refinement-value hide-refinement  ">
                        <button data-href="/on/demandware.store/Sites-continente-Site/default/Search-ShowAjax?cgid=mercearias&amp;pmin=0%2e01&amp;prefn1=brand&amp;prefv1=Sojasun" class="refinement-btn ">
                        <div class="ct-form-checkbox">
                        <input id="Sojasun" type="checkbox" title="">
                        <label class="ct-form-check-label" for="Sojasun">
                        Sojasun <span class="hit-count">(4)</span>
                        </label>
                        <span class="checkmark"></span>
                        </div>
                        <span class="sr-only selected-assistive-text">
                        Refine by Marcas: Sojasun
                        </span>
                        </button>
                        </li>
                        <li class="refinement-value hide-refinement  ">
                        <button data-href="/on/demandware.store/Sites-continente-Site/default/Search-ShowAjax?cgid=mercearias&amp;pmin=0%2e01&amp;prefn1=brand&amp;prefv1=Space%20Food" class="refinement-btn ">
                        <div class="ct-form-checkbox">
                        <input id="Space Food" type="checkbox" title="">
                        <label class="ct-form-check-label" for="Space Food">
                        Space Food <span class="hit-count">(1)</span>
                        </label>
                        <span class="checkmark"></span>
                        </div>
                        <span class="sr-only selected-assistive-text">
                        Refine by Marcas: Space Food
                        </span>
                        </button>
                        </li>
                        <li class="refinement-value hide-refinement  ">
                        <button data-href="/on/demandware.store/Sites-continente-Site/default/Search-ShowAjax?cgid=mercearias&amp;pmin=0%2e01&amp;prefn1=brand&amp;prefv1=Spop" class="refinement-btn ">
                        <div class="ct-form-checkbox">
                        <input id="Spop" type="checkbox" title="">
                        <label class="ct-form-check-label" for="Spop">
                        Spop <span class="hit-count">(1)</span>
                        </label>
                        <span class="checkmark"></span>
                        </div>
                        <span class="sr-only selected-assistive-text">
                        Refine by Marcas: Spop
                        </span>
                        </button>
                        </li>
                        <li class="refinement-value hide-refinement  ">
                        <button data-href="/on/demandware.store/Sites-continente-Site/default/Search-ShowAjax?cgid=mercearias&amp;pmin=0%2e01&amp;prefn1=brand&amp;prefv1=Squeezy" class="refinement-btn ">
                        <div class="ct-form-checkbox">
                        <input id="Squeezy" type="checkbox" title="">
                        <label class="ct-form-check-label" for="Squeezy">
                        Squeezy <span class="hit-count">(1)</span>
                        </label>
                        <span class="checkmark"></span>
                        </div>
                        <span class="sr-only selected-assistive-text">
                        Refine by Marcas: Squeezy
                        </span>
                        </button>
                        </li>
                        <li class="refinement-value hide-refinement  ">
                        <button data-href="/on/demandware.store/Sites-continente-Site/default/Search-ShowAjax?cgid=mercearias&amp;pmin=0%2e01&amp;prefn1=brand&amp;prefv1=St%2e%20Dalfour" class="refinement-btn ">
                        <div class="ct-form-checkbox">
                        <input id="St. Dalfour" type="checkbox" title="">
                        <label class="ct-form-check-label" for="St. Dalfour">
                        St. Dalfour <span class="hit-count">(12)</span>
                        </label>
                        <span class="checkmark"></span>
                        </div>
                        <span class="sr-only selected-assistive-text">
                        Refine by Marcas: St. Dalfour
                        </span>
                        </button>
                        </li>
                        
                        <li class="refinement-value hide-refinement  ">
                        <button data-href="/on/demandware.store/Sites-continente-Site/default/Search-ShowAjax?cgid=mercearias&amp;pmin=0%2e01&amp;prefn1=brand&amp;prefv1=Starbucks" class="refinement-btn ">
                        <div class="ct-form-checkbox">
                        <input id="Starbucks" type="checkbox" title="">
                        <label class="ct-form-check-label" for="Starbucks">
                        Starbucks <span class="hit-count">(25)</span>
                        </label>
                        <span class="checkmark"></span>
                        </div>
                        <span class="sr-only selected-assistive-text">
                        Refine by Marcas: Starbucks
                        </span>
                        </button>
                        </li>
                        <li class="refinement-value hide-refinement  ">
                        <button data-href="/on/demandware.store/Sites-continente-Site/default/Search-ShowAjax?cgid=mercearias&amp;pmin=0%2e01&amp;prefn1=brand&amp;prefv1=Sugus" class="refinement-btn ">
                        <div class="ct-form-checkbox">
                        <input id="Sugus" type="checkbox" title="">
                        <label class="ct-form-check-label" for="Sugus">
                        Sugus <span class="hit-count">(3)</span>
                        </label>
                        <span class="checkmark"></span>
                        </div>
                        <span class="sr-only selected-assistive-text">
                        Refine by Marcas: Sugus
                        </span>
                        </button>
                        </li>
                        <li class="refinement-value hide-refinement  ">
                        <button data-href="/on/demandware.store/Sites-continente-Site/default/Search-ShowAjax?cgid=mercearias&amp;pmin=0%2e01&amp;prefn1=brand&amp;prefv1=Sunbites" class="refinement-btn ">
                        <div class="ct-form-checkbox">
                        <input id="Sunbites" type="checkbox" title="">
                        <label class="ct-form-check-label" for="Sunbites">
                        Sunbites <span class="hit-count">(3)</span>
                        </label>
                        <span class="checkmark"></span>
                        </div>
                        <span class="sr-only selected-assistive-text">
                        Refine by Marcas: Sunbites
                        </span>
                        </button>
                        </li>
                        <li class="refinement-value hide-refinement  ">
                        <button data-href="/on/demandware.store/Sites-continente-Site/default/Search-ShowAjax?cgid=mercearias&amp;pmin=0%2e01&amp;prefn1=brand&amp;prefv1=Supr%20Natural" class="refinement-btn ">
                        <div class="ct-form-checkbox">
                        <input id="Supr Natural" type="checkbox" title="">
                        <label class="ct-form-check-label" for="Supr Natural">
                        Supr Natural <span class="hit-count">(3)</span>
                        </label>
                        <span class="checkmark"></span>
                        </div>
                        <span class="sr-only selected-assistive-text">
                        Refine by Marcas: Supr Natural
                        </span>
                        </button>
                        </li>
                        <li class="refinement-value hide-refinement  ">
                        <button data-href="/on/demandware.store/Sites-continente-Site/default/Search-ShowAjax?cgid=mercearias&amp;pmin=0%2e01&amp;prefn1=brand&amp;prefv1=Susana%20Vieira" class="refinement-btn ">
                        <div class="ct-form-checkbox">
                        <input id="Susana Vieira" type="checkbox" title="">
                        <label class="ct-form-check-label" for="Susana Vieira">
                        Susana Vieira <span class="hit-count">(2)</span>
                        </label>
                        <span class="checkmark"></span>
                        </div>
                        <span class="sr-only selected-assistive-text">
                        Refine by Marcas: Susana Vieira
                        </span>
                        </button>
                        </li>
                        <li class="refinement-value hide-refinement  ">
                        <button data-href="/on/demandware.store/Sites-continente-Site/default/Search-ShowAjax?cgid=mercearias&amp;pmin=0%2e01&amp;prefn1=brand&amp;prefv1=Tabasco" class="refinement-btn ">
                        <div class="ct-form-checkbox">
                        <input id="Tabasco" type="checkbox" title="">
                        <label class="ct-form-check-label" for="Tabasco">
                        Tabasco <span class="hit-count">(4)</span>
                        </label>
                        <span class="checkmark"></span>
                        </div>
                        <span class="sr-only selected-assistive-text">
                        Refine by Marcas: Tabasco
                        </span>
                        </button>
                        </li>
                        <li class="refinement-value hide-refinement  ">
                        <button data-href="/on/demandware.store/Sites-continente-Site/default/Search-ShowAjax?cgid=mercearias&amp;pmin=0%2e01&amp;prefn1=brand&amp;prefv1=Tai" class="refinement-btn ">
                        <div class="ct-form-checkbox">
                        <input id="Tai" type="checkbox" title="">
                        <label class="ct-form-check-label" for="Tai">
                        Tai <span class="hit-count">(1)</span>
                        </label>
                        <span class="checkmark"></span>
                        </div>
                        <span class="sr-only selected-assistive-text">
                        Refine by Marcas: Tai
                        </span>
                        </button>
                        </li>
                        <li class="refinement-value hide-refinement  ">
                        <button data-href="/on/demandware.store/Sites-continente-Site/default/Search-ShowAjax?cgid=mercearias&amp;pmin=0%2e01&amp;prefn1=brand&amp;prefv1=Ta%20-%20Tung" class="refinement-btn ">
                        <div class="ct-form-checkbox">
                        <input id="Ta - Tung" type="checkbox" title="">
                        <label class="ct-form-check-label" for="Ta - Tung">
                        Ta - Tung <span class="hit-count">(3)</span>
                        </label>
                        <span class="checkmark"></span>
                        </div>
                        <span class="sr-only selected-assistive-text">
                        Refine by Marcas: Ta - Tung
                        </span>
                        </button>
                        </li>
                        <li class="refinement-value hide-refinement  ">
                        <button data-href="/on/demandware.store/Sites-continente-Site/default/Search-ShowAjax?cgid=mercearias&amp;pmin=0%2e01&amp;prefn1=brand&amp;prefv1=Tenorio" class="refinement-btn ">
                        <div class="ct-form-checkbox">
                        <input id="Tenorio" type="checkbox" title="">
                        <label class="ct-form-check-label" for="Tenorio">
                        Tenorio <span class="hit-count">(9)</span>
                        </label>
                        <span class="checkmark"></span>
                        </div>
                        <span class="sr-only selected-assistive-text">
                        Refine by Marcas: Tenorio
                        </span>
                        </button>
                        </li>
                        <li class="refinement-value hide-refinement  ">
                        <button data-href="/on/demandware.store/Sites-continente-Site/default/Search-ShowAjax?cgid=mercearias&amp;pmin=0%2e01&amp;prefn1=brand&amp;prefv1=Tetley" class="refinement-btn ">
                        <div class="ct-form-checkbox">
                        <input id="Tetley" type="checkbox" title="">
                        <label class="ct-form-check-label" for="Tetley">
                        Tetley <span class="hit-count">(34)</span>
                        </label>
                        <span class="checkmark"></span>
                        </div>
                        <span class="sr-only selected-assistive-text">
                        Refine by Marcas: Tetley
                        </span>
                        </button>
                        </li>
                        <li class="refinement-value hide-refinement  ">
                        <button data-href="/on/demandware.store/Sites-continente-Site/default/Search-ShowAjax?cgid=mercearias&amp;pmin=0%2e01&amp;prefn1=brand&amp;prefv1=The%20Vegetarian%20Butcher" class="refinement-btn ">
                        <div class="ct-form-checkbox">
                        <input id="The Vegetarian Butcher" type="checkbox" title="">
                        <label class="ct-form-check-label" for="The Vegetarian Butcher">
                        The Vegetarian Butcher <span class="hit-count">(1)</span>
                        </label>
                        <span class="checkmark"></span>
                        </div>
                        <span class="sr-only selected-assistive-text">
                        Refine by Marcas: The Vegetarian Butcher
                        </span>
                        </button>
                        </li>
                        <li class="refinement-value hide-refinement  ">
                        <button data-href="/on/demandware.store/Sites-continente-Site/default/Search-ShowAjax?cgid=mercearias&amp;pmin=0%2e01&amp;prefn1=brand&amp;prefv1=Tipiak" class="refinement-btn ">
                        <div class="ct-form-checkbox">
                        <input id="Tipiak" type="checkbox" title="">
                        <label class="ct-form-check-label" for="Tipiak">
                        Tipiak <span class="hit-count">(7)</span>
                        </label>
                        <span class="checkmark"></span>
                        </div>
                        <span class="sr-only selected-assistive-text">
                        Refine by Marcas: Tipiak
                        </span>
                        </button>
                        </li>
                        <li class="refinement-value hide-refinement  ">
                        <button data-href="/on/demandware.store/Sites-continente-Site/default/Search-ShowAjax?cgid=mercearias&amp;pmin=0%2e01&amp;prefn1=brand&amp;prefv1=Toblerone" class="refinement-btn ">
                        <div class="ct-form-checkbox">
                        <input id="Toblerone" type="checkbox" title="">
                        <label class="ct-form-check-label" for="Toblerone">
                        Toblerone <span class="hit-count">(9)</span>
                        </label>
                        <span class="checkmark"></span>
                        </div>
                        <span class="sr-only selected-assistive-text">
                        Refine by Marcas: Toblerone
                        </span>
                        </button>
                        </li>
                        <li class="refinement-value hide-refinement  ">
                        <button data-href="/on/demandware.store/Sites-continente-Site/default/Search-ShowAjax?cgid=mercearias&amp;pmin=0%2e01&amp;prefn1=brand&amp;prefv1=Toffiffe" class="refinement-btn ">
                        <div class="ct-form-checkbox">
                        <input id="Toffiffe" type="checkbox" title="">
                        <label class="ct-form-check-label" for="Toffiffe">
                        Toffiffe <span class="hit-count">(1)</span>
                        </label>
                        <span class="checkmark"></span>
                        </div>
                        <span class="sr-only selected-assistive-text">
                        Refine by Marcas: Toffiffe
                        </span>
                        </button>
                        </li>
                        <li class="refinement-value hide-refinement  ">
                        <button data-href="/on/demandware.store/Sites-continente-Site/default/Search-ShowAjax?cgid=mercearias&amp;pmin=0%2e01&amp;prefn1=brand&amp;prefv1=Tofina" class="refinement-btn ">
                        <div class="ct-form-checkbox">
                        <input id="Tofina" type="checkbox" title="">
                        <label class="ct-form-check-label" for="Tofina">
                        Tofina <span class="hit-count">(1)</span>
                        </label>
                        <span class="checkmark"></span>
                        </div>
                        <span class="sr-only selected-assistive-text">
                        Refine by Marcas: Tofina
                        </span>
                        </button>
                        </li>
                        <li class="refinement-value hide-refinement  ">
                        <button data-href="/on/demandware.store/Sites-continente-Site/default/Search-ShowAjax?cgid=mercearias&amp;pmin=0%2e01&amp;prefn1=brand&amp;prefv1=Tony%c2%b4s" class="refinement-btn ">
                        <div class="ct-form-checkbox">
                        <input id="Tony´s" type="checkbox" title="">
                        <label class="ct-form-check-label" for="Tony´s">
                        Tony´s <span class="hit-count">(1)</span>
                        </label>
                        <span class="checkmark"></span>
                        </div>
                        <span class="sr-only selected-assistive-text">
                        Refine by Marcas: Tony´s
                        </span>
                        </button>
                        </li>
                        <li class="refinement-value hide-refinement  ">
                        <button data-href="/on/demandware.store/Sites-continente-Site/default/Search-ShowAjax?cgid=mercearias&amp;pmin=0%2e01&amp;prefn1=brand&amp;prefv1=Trevijano" class="refinement-btn ">
                        <div class="ct-form-checkbox">
                        <input id="Trevijano" type="checkbox" title="">
                        <label class="ct-form-check-label" for="Trevijano">
                        Trevijano <span class="hit-count">(5)</span>
                        </label>
                        <span class="checkmark"></span>
                        </div>
                        <span class="sr-only selected-assistive-text">
                        Refine by Marcas: Trevijano
                        </span>
                        </button>
                        </li>
                        <li class="refinement-value hide-refinement  ">
                        <button data-href="/on/demandware.store/Sites-continente-Site/default/Search-ShowAjax?cgid=mercearias&amp;pmin=0%2e01&amp;prefn1=brand&amp;prefv1=Trident" class="refinement-btn ">
                        <div class="ct-form-checkbox">
                        <input id="Trident" type="checkbox" title="">
                        <label class="ct-form-check-label" for="Trident">
                        Trident <span class="hit-count">(48)</span>
                        </label>
                        <span class="checkmark"></span>
                        </div>
                        <span class="sr-only selected-assistive-text">
                        Refine by Marcas: Trident
                        </span>
                        </button>
                        </li>
                        <li class="refinement-value hide-refinement  ">
                        <button data-href="/on/demandware.store/Sites-continente-Site/default/Search-ShowAjax?cgid=mercearias&amp;pmin=0%2e01&amp;prefn1=brand&amp;prefv1=Trit%c3%a3o" class="refinement-btn ">
                        <div class="ct-form-checkbox">
                        <input id="Tritão" type="checkbox" title="">
                        <label class="ct-form-check-label" for="Tritão">
                        Tritão <span class="hit-count">(4)</span>
                        </label>
                        <span class="checkmark"></span>
                        </div>
                        <span class="sr-only selected-assistive-text">
                        Refine by Marcas: Tritão
                        </span>
                        </button>
                        </li>
                        <li class="refinement-value hide-refinement  ">
                        <button data-href="/on/demandware.store/Sites-continente-Site/default/Search-ShowAjax?cgid=mercearias&amp;pmin=0%2e01&amp;prefn1=brand&amp;prefv1=Triunfo" class="refinement-btn ">
                        <div class="ct-form-checkbox">
                        <input id="Triunfo" type="checkbox" title="">
                        <label class="ct-form-check-label" for="Triunfo">
                        Triunfo <span class="hit-count">(17)</span>
                        </label>
                        <span class="checkmark"></span>
                        </div>
                        <span class="sr-only selected-assistive-text">
                        Refine by Marcas: Triunfo
                        </span>
                        </button>
                        </li>
                        <li class="refinement-value hide-refinement  ">
                        <button data-href="/on/demandware.store/Sites-continente-Site/default/Search-ShowAjax?cgid=mercearias&amp;pmin=0%2e01&amp;prefn1=brand&amp;prefv1=True%20Gum" class="refinement-btn ">
                        <div class="ct-form-checkbox">
                        <input id="True Gum" type="checkbox" title="">
                        <label class="ct-form-check-label" for="True Gum">
                        True Gum <span class="hit-count">(2)</span>
                        </label>
                        <span class="checkmark"></span>
                        </div>
                        <span class="sr-only selected-assistive-text">
                        Refine by Marcas: True Gum
                        </span>
                        </button>
                        </li>
                        <li class="refinement-value hide-refinement  ">
                        <button data-href="/on/demandware.store/Sites-continente-Site/default/Search-ShowAjax?cgid=mercearias&amp;pmin=0%2e01&amp;prefn1=brand&amp;prefv1=Tuc" class="refinement-btn ">
                        <div class="ct-form-checkbox">
                        <input id="Tuc" type="checkbox" title="">
                        <label class="ct-form-check-label" for="Tuc">
                        Tuc <span class="hit-count">(8)</span>
                        </label>
                        <span class="checkmark"></span>
                        </div>
                        <span class="sr-only selected-assistive-text">
                        Refine by Marcas: Tuc
                        </span>
                        </button>
                        </li>
                        <li class="refinement-value hide-refinement  ">
                        <button data-href="/on/demandware.store/Sites-continente-Site/default/Search-ShowAjax?cgid=mercearias&amp;pmin=0%2e01&amp;prefn1=brand&amp;prefv1=Tulicreme" class="refinement-btn ">
                        <div class="ct-form-checkbox">
                        <input id="Tulicreme" type="checkbox" title="">
                        <label class="ct-form-check-label" for="Tulicreme">
                        Tulicreme <span class="hit-count">(1)</span>
                        </label>
                        <span class="checkmark"></span>
                        </div>
                        <span class="sr-only selected-assistive-text">
                        Refine by Marcas: Tulicreme
                        </span>
                        </button>
                        </li>
                        <li class="refinement-value hide-refinement  ">
                        <button data-href="/on/demandware.store/Sites-continente-Site/default/Search-ShowAjax?cgid=mercearias&amp;pmin=0%2e01&amp;prefn1=brand&amp;prefv1=Twinings" class="refinement-btn ">
                        <div class="ct-form-checkbox">
                        <input id="Twinings" type="checkbox" title="">
                        <label class="ct-form-check-label" for="Twinings">
                        Twinings <span class="hit-count">(4)</span>
                        </label>
                        <span class="checkmark"></span>
                        </div>
                        <span class="sr-only selected-assistive-text">
                        Refine by Marcas: Twinings
                        </span>
                        </button>
                        </li>
                        <li class="refinement-value hide-refinement  ">
                        <button data-href="/on/demandware.store/Sites-continente-Site/default/Search-ShowAjax?cgid=mercearias&amp;pmin=0%2e01&amp;prefn1=brand&amp;prefv1=Twix" class="refinement-btn ">
                        <div class="ct-form-checkbox">
                        <input id="Twix" type="checkbox" title="">
                        <label class="ct-form-check-label" for="Twix">
                        Twix <span class="hit-count">(7)</span>
                        </label>
                        <span class="checkmark"></span>
                        </div>
                        <span class="sr-only selected-assistive-text">
                        Refine by Marcas: Twix
                        </span>
                        </button>
                        </li>
                        <li class="refinement-value hide-refinement  ">
                        <button data-href="/on/demandware.store/Sites-continente-Site/default/Search-ShowAjax?cgid=mercearias&amp;pmin=0%2e01&amp;prefn1=brand&amp;prefv1=Tyrrell%27s" class="refinement-btn ">
                        <div class="ct-form-checkbox">
                        <input id="Tyrrell's" type="checkbox" title="">
                        <label class="ct-form-check-label" for="Tyrrell's">
                        Tyrrell's <span class="hit-count">(4)</span>
                        </label>
                        <span class="checkmark"></span>
                        </div>
                        <span class="sr-only selected-assistive-text">
                        Refine by Marcas: Tyrrell's
                        </span>
                        </button>
                        </li>
                        <li class="refinement-value hide-refinement  ">
                        <button data-href="/on/demandware.store/Sites-continente-Site/default/Search-ShowAjax?cgid=mercearias&amp;pmin=0%2e01&amp;prefn1=brand&amp;prefv1=Ubago" class="refinement-btn ">
                        <div class="ct-form-checkbox">
                        <input id="Ubago" type="checkbox" title="">
                        <label class="ct-form-check-label" for="Ubago">
                        Ubago <span class="hit-count">(1)</span>
                        </label>
                        <span class="checkmark"></span>
                        </div>
                        <span class="sr-only selected-assistive-text">
                        Refine by Marcas: Ubago
                        </span>
                        </button>
                        </li>
                        <li class="refinement-value hide-refinement  ">
                        <button data-href="/on/demandware.store/Sites-continente-Site/default/Search-ShowAjax?cgid=mercearias&amp;pmin=0%2e01&amp;prefn1=brand&amp;prefv1=Um%20Bongo" class="refinement-btn ">
                        <div class="ct-form-checkbox">
                        <input id="Um Bongo" type="checkbox" title="">
                        <label class="ct-form-check-label" for="Um Bongo">
                        Um Bongo <span class="hit-count">(2)</span>
                        </label>
                        <span class="checkmark"></span>
                        </div>
                        <span class="sr-only selected-assistive-text">
                        Refine by Marcas: Um Bongo
                        </span>
                        </button>
                        </li>
                        <li class="refinement-value hide-refinement  ">
                        <button data-href="/on/demandware.store/Sites-continente-Site/default/Search-ShowAjax?cgid=mercearias&amp;pmin=0%2e01&amp;prefn1=brand&amp;prefv1=Urban%20Foods" class="refinement-btn ">
                        <div class="ct-form-checkbox">
                        <input id="Urban Foods" type="checkbox" title="">
                        <label class="ct-form-check-label" for="Urban Foods">
                        Urban Foods <span class="hit-count">(2)</span>
                        </label>
                        <span class="checkmark"></span>
                        </div>
                        <span class="sr-only selected-assistive-text">
                        Refine by Marcas: Urban Foods
                        </span>
                        </button>
                        </li>
                        <li class="refinement-value hide-refinement  ">
                        <button data-href="/on/demandware.store/Sites-continente-Site/default/Search-ShowAjax?cgid=mercearias&amp;pmin=0%2e01&amp;prefn1=brand&amp;prefv1=Vahin%c3%a9" class="refinement-btn ">
                        <div class="ct-form-checkbox">
                        <input id="Vahiné" type="checkbox" title="">
                        <label class="ct-form-check-label" for="Vahiné">
                        Vahiné <span class="hit-count">(27)</span>
                        </label>
                        <span class="checkmark"></span>
                        </div>
                        <span class="sr-only selected-assistive-text">
                        Refine by Marcas: Vahiné
                        </span>
                        </button>
                        </li>
                        <li class="refinement-value hide-refinement  ">
                        <button data-href="/on/demandware.store/Sites-continente-Site/default/Search-ShowAjax?cgid=mercearias&amp;pmin=0%2e01&amp;prefn1=brand&amp;prefv1=Valfrutta" class="refinement-btn ">
                        <div class="ct-form-checkbox">
                        <input id="Valfrutta" type="checkbox" title="">
                        <label class="ct-form-check-label" for="Valfrutta">
                        Valfrutta <span class="hit-count">(2)</span>
                        </label>
                        <span class="checkmark"></span>
                        </div>
                        <span class="sr-only selected-assistive-text">
                        Refine by Marcas: Valfrutta
                        </span>
                        </button>
                        </li>
                        <li class="refinement-value hide-refinement  ">
                        <button data-href="/on/demandware.store/Sites-continente-Site/default/Search-ShowAjax?cgid=mercearias&amp;pmin=0%2e01&amp;prefn1=brand&amp;prefv1=Valsoia" class="refinement-btn ">
                        <div class="ct-form-checkbox">
                        <input id="Valsoia" type="checkbox" title="">
                        <label class="ct-form-check-label" for="Valsoia">
                        Valsoia <span class="hit-count">(2)</span>
                        </label>
                        <span class="checkmark"></span>
                        </div>
                        <span class="sr-only selected-assistive-text">
                        Refine by Marcas: Valsoia
                        </span>
                        </button>
                        </li>
                        <li class="refinement-value hide-refinement  ">
                        <button data-href="/on/demandware.store/Sites-continente-Site/default/Search-ShowAjax?cgid=mercearias&amp;pmin=0%2e01&amp;prefn1=brand&amp;prefv1=Vaqueiro" class="refinement-btn ">
                        <div class="ct-form-checkbox">
                        <input id="Vaqueiro" type="checkbox" title="">
                        <label class="ct-form-check-label" for="Vaqueiro">
                        Vaqueiro <span class="hit-count">(2)</span>
                        </label>
                        <span class="checkmark"></span>
                        </div>
                        <span class="sr-only selected-assistive-text">
                        Refine by Marcas: Vaqueiro
                        </span>
                        </button>
                        </li>
                        <li class="refinement-value hide-refinement  ">
                        <button data-href="/on/demandware.store/Sites-continente-Site/default/Search-ShowAjax?cgid=mercearias&amp;pmin=0%2e01&amp;prefn1=brand&amp;prefv1=Vatel" class="refinement-btn ">
                        <div class="ct-form-checkbox">
                        <input id="Vatel" type="checkbox" title="">
                        <label class="ct-form-check-label" for="Vatel">
                        Vatel <span class="hit-count">(14)</span>
                        </label>
                        <span class="checkmark"></span>
                        </div>
                        <span class="sr-only selected-assistive-text">
                        Refine by Marcas: Vatel
                        </span>
                        </button>
                        </li>
                        
                        <li class="refinement-value hide-refinement  ">
                        <button data-href="/on/demandware.store/Sites-continente-Site/default/Search-ShowAjax?cgid=mercearias&amp;pmin=0%2e01&amp;prefn1=brand&amp;prefv1=V%c3%aag%c3%aa" class="refinement-btn ">
                        <div class="ct-form-checkbox">
                        <input id="Vêgê" type="checkbox" title="">
                        <label class="ct-form-check-label" for="Vêgê">
                        Vêgê <span class="hit-count">(1)</span>
                        </label>
                        <span class="checkmark"></span>
                        </div>
                        <span class="sr-only selected-assistive-text">
                        Refine by Marcas: Vêgê
                        </span>
                        </button>
                        </li>
                        <li class="refinement-value hide-refinement  ">
                        <button data-href="/on/demandware.store/Sites-continente-Site/default/Search-ShowAjax?cgid=mercearias&amp;pmin=0%2e01&amp;prefn1=brand&amp;prefv1=Veg%20In" class="refinement-btn ">
                        <div class="ct-form-checkbox">
                        <input id="Veg In" type="checkbox" title="">
                        <label class="ct-form-check-label" for="Veg In">
                        Veg In <span class="hit-count">(4)</span>
                        </label>
                        <span class="checkmark"></span>
                        </div>
                        <span class="sr-only selected-assistive-text">
                        Refine by Marcas: Veg In
                        </span>
                        </button>
                        </li>
                        <li class="refinement-value hide-refinement  ">
                        <button data-href="/on/demandware.store/Sites-continente-Site/default/Search-ShowAjax?cgid=mercearias&amp;pmin=0%2e01&amp;prefn1=brand&amp;prefv1=Vianeza" class="refinement-btn ">
                        <div class="ct-form-checkbox">
                        <input id="Vianeza" type="checkbox" title="">
                        <label class="ct-form-check-label" for="Vianeza">
                        Vianeza <span class="hit-count">(5)</span>
                        </label>
                        <span class="checkmark"></span>
                        </div>
                        <span class="sr-only selected-assistive-text">
                        Refine by Marcas: Vianeza
                        </span>
                        </button>
                        </li>
                        <li class="refinement-value hide-refinement  ">
                        <button data-href="/on/demandware.store/Sites-continente-Site/default/Search-ShowAjax?cgid=mercearias&amp;pmin=0%2e01&amp;prefn1=brand&amp;prefv1=Vidal" class="refinement-btn ">
                        <div class="ct-form-checkbox">
                        <input id="Vidal" type="checkbox" title="">
                        <label class="ct-form-check-label" for="Vidal">
                        Vidal <span class="hit-count">(17)</span>
                        </label>
                        <span class="checkmark"></span>
                        </div>
                        <span class="sr-only selected-assistive-text">
                        Refine by Marcas: Vidal
                        </span>
                        </button>
                        </li>
                        <li class="refinement-value hide-refinement  ">
                        <button data-href="/on/demandware.store/Sites-continente-Site/default/Search-ShowAjax?cgid=mercearias&amp;pmin=0%2e01&amp;prefn1=brand&amp;prefv1=Vidigueira" class="refinement-btn ">
                        <div class="ct-form-checkbox">
                        <input id="Vidigueira" type="checkbox" title="">
                        <label class="ct-form-check-label" for="Vidigueira">
                        Vidigueira <span class="hit-count">(2)</span>
                        </label>
                        <span class="checkmark"></span>
                        </div>
                        <span class="sr-only selected-assistive-text">
                        Refine by Marcas: Vidigueira
                        </span>
                        </button>
                        </li>
                        <li class="refinement-value hide-refinement  ">
                        <button data-href="/on/demandware.store/Sites-continente-Site/default/Search-ShowAjax?cgid=mercearias&amp;pmin=0%2e01&amp;prefn1=brand&amp;prefv1=Vieira" class="refinement-btn ">
                        <div class="ct-form-checkbox">
                        <input id="Vieira" type="checkbox" title="">
                        <label class="ct-form-check-label" for="Vieira">
                        Vieira <span class="hit-count">(26)</span>
                        </label>
                        <span class="checkmark"></span>
                        </div>
                        <span class="sr-only selected-assistive-text">
                        Refine by Marcas: Vieira
                        </span>
                        </button>
                        </li>
                        <li class="refinement-value hide-refinement  ">
                        <button data-href="/on/demandware.store/Sites-continente-Site/default/Search-ShowAjax?cgid=mercearias&amp;pmin=0%2e01&amp;prefn1=brand&amp;prefv1=Villa" class="refinement-btn ">
                        <div class="ct-form-checkbox">
                        <input id="Villa" type="checkbox" title="">
                        <label class="ct-form-check-label" for="Villa">
                        Villa <span class="hit-count">(1)</span>
                        </label>
                        <span class="checkmark"></span>
                        </div>
                        <span class="sr-only selected-assistive-text">
                        Refine by Marcas: Villa
                        </span>
                        </button>
                        </li>
                        <li class="refinement-value hide-refinement  ">
                        <button data-href="/on/demandware.store/Sites-continente-Site/default/Search-ShowAjax?cgid=mercearias&amp;pmin=0%2e01&amp;prefn1=brand&amp;prefv1=Vitabio" class="refinement-btn ">
                        <div class="ct-form-checkbox">
                        <input id="Vitabio" type="checkbox" title="">
                        <label class="ct-form-check-label" for="Vitabio">
                        Vitabio <span class="hit-count">(2)</span>
                        </label>
                        <span class="checkmark"></span>
                        </div>
                        <span class="sr-only selected-assistive-text">
                        Refine by Marcas: Vitabio
                        </span>
                        </button>
                        </li>
                        <li class="refinement-value hide-refinement  ">
                        <button data-href="/on/demandware.store/Sites-continente-Site/default/Search-ShowAjax?cgid=mercearias&amp;pmin=0%2e01&amp;prefn1=brand&amp;prefv1=Vivani" class="refinement-btn ">
                        <div class="ct-form-checkbox">
                        <input id="Vivani" type="checkbox" title="">
                        <label class="ct-form-check-label" for="Vivani">
                        Vivani <span class="hit-count">(4)</span>
                        </label>
                        <span class="checkmark"></span>
                        </div>
                        <span class="sr-only selected-assistive-text">
                        Refine by Marcas: Vivani
                        </span>
                        </button>
                        </li>
                        <li class="refinement-value hide-refinement  ">
                        <button data-href="/on/demandware.store/Sites-continente-Site/default/Search-ShowAjax?cgid=mercearias&amp;pmin=0%2e01&amp;prefn1=brand&amp;prefv1=Waferland" class="refinement-btn ">
                        <div class="ct-form-checkbox">
                        <input id="Waferland" type="checkbox" title="">
                        <label class="ct-form-check-label" for="Waferland">
                        Waferland <span class="hit-count">(3)</span>
                        </label>
                        <span class="checkmark"></span>
                        </div>
                        <span class="sr-only selected-assistive-text">
                        Refine by Marcas: Waferland
                        </span>
                        </button>
                        </li>
                        <li class="refinement-value hide-refinement  ">
                        <button data-href="/on/demandware.store/Sites-continente-Site/default/Search-ShowAjax?cgid=mercearias&amp;pmin=0%2e01&amp;prefn1=brand&amp;prefv1=Wai%20Wai" class="refinement-btn ">
                        <div class="ct-form-checkbox">
                        <input id="Wai Wai" type="checkbox" title="">
                        <label class="ct-form-check-label" for="Wai Wai">
                        Wai Wai <span class="hit-count">(1)</span>
                        </label>
                        <span class="checkmark"></span>
                        </div>
                        <span class="sr-only selected-assistive-text">
                        Refine by Marcas: Wai Wai
                        </span>
                        </button>
                        </li>
                        <li class="refinement-value hide-refinement  ">
                        <button data-href="/on/demandware.store/Sites-continente-Site/default/Search-ShowAjax?cgid=mercearias&amp;pmin=0%2e01&amp;prefn1=brand&amp;prefv1=Walkers" class="refinement-btn ">
                        <div class="ct-form-checkbox">
                        <input id="Walkers" type="checkbox" title="">
                        <label class="ct-form-check-label" for="Walkers">
                        Walkers <span class="hit-count">(2)</span>
                        </label>
                        <span class="checkmark"></span>
                        </div>
                        <span class="sr-only selected-assistive-text">
                        Refine by Marcas: Walkers
                        </span>
                        </button>
                        </li>
                        <li class="refinement-value hide-refinement  ">
                        <button data-href="/on/demandware.store/Sites-continente-Site/default/Search-ShowAjax?cgid=mercearias&amp;pmin=0%2e01&amp;prefn1=brand&amp;prefv1=Wasa" class="refinement-btn ">
                        <div class="ct-form-checkbox">
                        <input id="Wasa" type="checkbox" title="">
                        <label class="ct-form-check-label" for="Wasa">
                        Wasa <span class="hit-count">(3)</span>
                        </label>
                        <span class="checkmark"></span>
                        </div>
                        <span class="sr-only selected-assistive-text">
                        Refine by Marcas: Wasa
                        </span>
                        </button>
                        </li>
                        <li class="refinement-value hide-refinement  ">
                        <button data-href="/on/demandware.store/Sites-continente-Site/default/Search-ShowAjax?cgid=mercearias&amp;pmin=0%2e01&amp;prefn1=brand&amp;prefv1=Weetabix" class="refinement-btn ">
                        <div class="ct-form-checkbox">
                        <input id="Weetabix" type="checkbox" title="">
                        <label class="ct-form-check-label" for="Weetabix">
                        Weetabix <span class="hit-count">(6)</span>
                        </label>
                        <span class="checkmark"></span>
                        </div>
                        <span class="sr-only selected-assistive-text">
                        Refine by Marcas: Weetabix
                        </span>
                        </button>
                        </li>
                        <li class="refinement-value hide-refinement  ">
                        <button data-href="/on/demandware.store/Sites-continente-Site/default/Search-ShowAjax?cgid=mercearias&amp;pmin=0%2e01&amp;prefn1=brand&amp;prefv1=Well%20%26%20Truly" class="refinement-btn ">
                        <div class="ct-form-checkbox">
                        <input id="Well &amp; Truly" type="checkbox" title="">
                        <label class="ct-form-check-label" for="Well &amp; Truly">
                        Well &amp; Truly <span class="hit-count">(3)</span>
                        </label>
                        <span class="checkmark"></span>
                        </div>
                        <span class="sr-only selected-assistive-text">
                        Refine by Marcas: Well &amp; Truly
                        </span>
                        </button>
                        </li>
                        <li class="refinement-value hide-refinement  ">
                        <button data-href="/on/demandware.store/Sites-continente-Site/default/Search-ShowAjax?cgid=mercearias&amp;pmin=0%2e01&amp;prefn1=brand&amp;prefv1=Werther%27s" class="refinement-btn ">
                        <div class="ct-form-checkbox">
                        <input id="Werther's" type="checkbox" title="">
                        <label class="ct-form-check-label" for="Werther's">
                        Werther's <span class="hit-count">(6)</span>
                        </label>
                        <span class="checkmark"></span>
                        </div>
                        <span class="sr-only selected-assistive-text">
                        Refine by Marcas: Werther's
                        </span>
                        </button>
                        </li>
                        <li class="refinement-value hide-refinement  ">
                        <button data-href="/on/demandware.store/Sites-continente-Site/default/Search-ShowAjax?cgid=mercearias&amp;pmin=0%2e01&amp;prefn1=brand&amp;prefv1=Whole%20Earth" class="refinement-btn ">
                        <div class="ct-form-checkbox">
                        <input id="Whole Earth" type="checkbox" title="">
                        <label class="ct-form-check-label" for="Whole Earth">
                        Whole Earth <span class="hit-count">(2)</span>
                        </label>
                        <span class="checkmark"></span>
                        </div>
                        <span class="sr-only selected-assistive-text">
                         Refine by Marcas: Whole Earth
                        </span>
                        </button>
                        </li>
                        <li class="refinement-value hide-refinement  ">
                        <button data-href="/on/demandware.store/Sites-continente-Site/default/Search-ShowAjax?cgid=mercearias&amp;pmin=0%2e01&amp;prefn1=brand&amp;prefv1=Wissi" class="refinement-btn ">
                        <div class="ct-form-checkbox">
                        <input id="Wissi" type="checkbox" title="">
                        <label class="ct-form-check-label" for="Wissi">
                        Wissi <span class="hit-count">(2)</span>
                        </label>
                        <span class="checkmark"></span>
                        </div>
                        <span class="sr-only selected-assistive-text">
                        Refine by Marcas: Wissi
                        </span>
                        </button>
                        </li>
                        <li class="refinement-value hide-refinement  ">
                        <button data-href="/on/demandware.store/Sites-continente-Site/default/Search-ShowAjax?cgid=mercearias&amp;pmin=0%2e01&amp;prefn1=brand&amp;prefv1=Yogi" class="refinement-btn ">
                        <div class="ct-form-checkbox">
                        <input id="Yogi" type="checkbox" title="">
                        <label class="ct-form-check-label" for="Yogi">
                        Yogi <span class="hit-count">(2)</span>
                        </label>
                        <span class="checkmark"></span>
                        </div>
                        <span class="sr-only selected-assistive-text">
                        Refine by Marcas: Yogi
                        </span>
                        </button>
                        </li>
                        <li class="refinement-value hide-refinement  ">
                        <button data-href="/on/demandware.store/Sites-continente-Site/default/Search-ShowAjax?cgid=mercearias&amp;pmin=0%2e01&amp;prefn1=brand&amp;prefv1=Yogolino" class="refinement-btn ">
                        <div class="ct-form-checkbox">
                        <input id="Yogolino" type="checkbox" title="">
                        <label class="ct-form-check-label" for="Yogolino">
                        Yogolino <span class="hit-count">(12)</span>
                        </label>
                        <span class="checkmark"></span>
                        </div>
                        <span class="sr-only selected-assistive-text">
                        Refine by Marcas: Yogolino
                        </span>
                        </button>
                        </li>
                        <li class="refinement-value hide-refinement  ">
                        <button data-href="/on/demandware.store/Sites-continente-Site/default/Search-ShowAjax?cgid=mercearias&amp;pmin=0%2e01&amp;prefn1=brand&amp;prefv1=Yoki" class="refinement-btn ">
                        <div class="ct-form-checkbox">
                        <input id="Yoki" type="checkbox" title="">
                        <label class="ct-form-check-label" for="Yoki">
                        Yoki <span class="hit-count">(3)</span>
                        </label>
                        <span class="checkmark"></span>
                        </div>
                        <span class="sr-only selected-assistive-text">
                        Refine by Marcas: Yoki
                        </span>
                        </button>
                        </li>
                        <li class="refinement-value hide-refinement  ">
                        <button data-href="/on/demandware.store/Sites-continente-Site/default/Search-ShowAjax?cgid=mercearias&amp;pmin=0%2e01&amp;prefn1=brand&amp;prefv1=Zanuy" class="refinement-btn ">
                        <div class="ct-form-checkbox">
                        <input id="Zanuy" type="checkbox" title="">
                        <label class="ct-form-check-label" for="Zanuy">
                        Zanuy <span class="hit-count">(6)</span>
                        </label>
                        <span class="checkmark"></span>
                        </div>
                        <span class="sr-only selected-assistive-text">
                        Refine by Marcas: Zanuy
                        </span>
                        </button>
                        </li>
                        <li class="col-12 refinement-value refinement-link">
                        <a class="ct-anchor refinement-show-more" href="#">
                        Ver mais
                        </a>
                        </li>
                        <li class="col-12 refinement-value refinement-link">
                        <a class="ct-anchor refinement-show-less hide-refinement" href="#">
                        Ver menos
                        </a>
                        </li>
                        </ul>
                        
                        </div>
                        </div>
                        <div class="collapsible-lg ct-border--radius active refinement refinement-ispromo" data-refinement-type="isPromo">
                        <div class="col-sm-12">
                        <button class="title refinement-title text-left btn-block ct-font--opensans-bold d-flex justify-content-between" aria-controls="refinement-poupança" aria-expanded="false">
                        <span class="refinement-title-text">
                        Poupança
                        </span>
                        <span class="refinement-closed">
                        <span class="svg-wrapper svg-icon-arrow-down" style="width:15px; height:15px">
                        <svg class="svg-inline icon-arrow-down" xmlns="http://www.w3.org/2000/svg" viewBox="0 0 12 13" width="100%" height="100%"><path fill="#EB0203" fill-rule="evenodd" d="M5.406 9.174l-5.16-5.16a.84.84 0 111.189-1.188L6 7.39l4.565-4.565a.84.84 0 011.189 1.188l-5.16 5.16a.837.837 0 01-1.188 0z"></path></svg>
                        </span>
                        </span>
                        <span class="refinement-opened">
                        <span class="svg-wrapper svg-icon-arrow-up" style="width:auto; height:auto">
                        <svg class="svg-inline icon-arrow-up" xmlns="http://www.w3.org/2000/svg" viewBox="0 0 15 9" width="15" height="9"><path fill="#EB0203" fill-rule="evenodd" d="M6.757.532l-6.45 6.45a1.05 1.05 0 1 0 1.486 1.486L7.5 2.76l5.707 5.707a1.05 1.05 0 0 0 1.485-1.486L8.242.532a1.047 1.047 0 0 0-1.485 0z"></path></svg>
                        </span>
                        </span>
                        </button>
                        </div>
                        <div class="content value refinement-content " id="refinement-poupança">
                        <ul class="values content row">
                        <li class="refinement-value-block col-sm-6 col-md-12">
                        <ul>
                        <li class="refinement-value   ">
                        <button data-href="/on/demandware.store/Sites-continente-Site/default/Search-ShowAjax?cgid=mercearias&amp;pmin=0%2e01&amp;prefn1=isPromo&amp;prefv1=true" class="refinement-btn ">
                        <div class="ct-form-checkbox">
                        <input id="Com Desconto/Poupança" type="checkbox" title="">
                        <label class="ct-form-check-label" for="Com Desconto/Poupança">
                        Com Desconto/Poupança
                        </label>
                        <span class="checkmark"></span>
                        </div>
                        <span class="sr-only selected-assistive-text">
                        Refine by Poupança: Com Desconto/Poupança
                        </span>
                        </button>
                        </li>
                        </ul>
                        </li>
                        </ul>
                        </div>
                        </div>
                        <div class="collapsible-lg ct-border--radius active refinement refinement-price" data-refinement-type="price">
                        <div class="col-sm-12">
                        <button class="title refinement-title text-left btn-block ct-font--opensans-bold d-flex justify-content-between" aria-controls="refinement-preço" aria-expanded="false">
                        <span class="refinement-title-text">
                        Preço
                        </span>
                        <span class="refinement-closed">
                        <span class="svg-wrapper svg-icon-arrow-down" style="width:15px; height:15px">
                        <svg class="svg-inline icon-arrow-down" xmlns="http://www.w3.org/2000/svg" viewBox="0 0 12 13" width="100%" height="100%"><path fill="#EB0203" fill-rule="evenodd" d="M5.406 9.174l-5.16-5.16a.84.84 0 111.189-1.188L6 7.39l4.565-4.565a.84.84 0 011.189 1.188l-5.16 5.16a.837.837 0 01-1.188 0z"></path></svg>
                        </span>
                        </span>
                        <span class="refinement-opened">
                        <span class="svg-wrapper svg-icon-arrow-up" style="width:auto; height:auto">
                        <svg class="svg-inline icon-arrow-up" xmlns="http://www.w3.org/2000/svg" viewBox="0 0 15 9" width="15" height="9"><path fill="#EB0203" fill-rule="evenodd" d="M6.757.532l-6.45 6.45a1.05 1.05 0 1 0 1.486 1.486L7.5 2.76l5.707 5.707a1.05 1.05 0 0 0 1.485-1.486L8.242.532a1.047 1.047 0 0 0-1.485 0z"></path></svg>
                        </span>
                        </span>
                        </button>
                        </div>
                        <div class="content value refinement-content " id="refinement-preço">
                        <ul class="values content row">
                        <li class="refinement-value-block col-sm-6 col-md-12">
                        <ul>
                        <li class="refinement-value ">
                        <button class="refinement-btn" data-href="/on/demandware.store/Sites-continente-Site/default/Search-ShowAjax?cgid=mercearias&amp;pmin=0%2e00&amp;pmax=2%2e00">
                        <div class="ct-form-radio ct-form-radio--secondary">
                        <input id="€0 - €1,99" type="radio" title="">
                        <label class="ct-form-check-label" for="€0 - €1,99">
                        €0 - €1,99
                        </label>
                        <span class="checkmark"></span>
                        </div>
                        <span class="sr-only selected-assistive-text">
                        Refine by Preço: €0 - €1,99
                        </span>
                        </button>
                        </li>
                        <li class="refinement-value ">
                        <button class="refinement-btn" data-href="/on/demandware.store/Sites-continente-Site/default/Search-ShowAjax?cgid=mercearias&amp;pmin=2%2e00&amp;pmax=4%2e00">
                        <div class="ct-form-radio ct-form-radio--secondary">
                        <input id="€2 - €3,99" type="radio" title="">
                        <label class="ct-form-check-label" for="€2 - €3,99">
                        €2 - €3,99
                        </label>
                        <span class="checkmark"></span>
                        </div>
                        <span class="sr-only selected-assistive-text">
                        Refine by Preço: €2 - €3,99
                        </span>
                        </button>
                        </li>
                        <li class="refinement-value ">
                        <button class="refinement-btn" data-href="/on/demandware.store/Sites-continente-Site/default/Search-ShowAjax?cgid=mercearias&amp;pmin=4%2e00&amp;pmax=6%2e00">
                        <div class="ct-form-radio ct-form-radio--secondary">
                        <input id="€4 - €5,99" type="radio" title="">
                        <label class="ct-form-check-label" for="€4 - €5,99">
                        €4 - €5,99
                        </label>
                        <span class="checkmark"></span>
                        </div>
                        <span class="sr-only selected-assistive-text">
                        Refine by Preço: €4 - €5,99
                        </span>
                        </button>
                        </li>
                        <li class="refinement-value ">
                        <button class="refinement-btn" data-href="/on/demandware.store/Sites-continente-Site/default/Search-ShowAjax?cgid=mercearias&amp;pmin=6%2e00&amp;pmax=8%2e00">
                        <div class="ct-form-radio ct-form-radio--secondary">
                        <input id="€6 - €7,99" type="radio" title="">
                        <label class="ct-form-check-label" for="€6 - €7,99">
                        €6 - €7,99
                        </label>
                        <span class="checkmark"></span>
                        </div>
                        <span class="sr-only selected-assistive-text">
                        Refine by Preço: €6 - €7,99
                        </span>
                        </button>
                        </li>
                        <li class="refinement-value ">
                        <button class="refinement-btn" data-href="/on/demandware.store/Sites-continente-Site/default/Search-ShowAjax?cgid=mercearias&amp;pmin=8%2e00&amp;pmax=100%2e00">
                        <div class="ct-form-radio ct-form-radio--secondary">
                        <input id="+ €8,00" type="radio" title="">
                        <label class="ct-form-check-label" for="+ €8,00">
                        + €8,00
                        </label>
                        <span class="checkmark"></span>
                        </div>
                        <span class="sr-only selected-assistive-text">
                        Refine by Preço: + €8,00
                        </span>
                        </button>
                        </li>
                        </ul>
                        </li>
                        </ul>
                        </div>
                        </div>
                        <div class="collapsible-lg ct-border--radius active refinement refinement-food.sugarfree" data-refinement-type="food.SugarFree">
                        <div class="col-sm-12">
                        <button class="title refinement-title text-left btn-block ct-font--opensans-bold d-flex justify-content-between" aria-controls="refinement-sem-adição-de-açúcar" aria-expanded="false">
                        <span class="refinement-title-text">
                        Sem Adição de Açúcar
                        </span>
                        <span class="refinement-closed">
                        <span class="svg-wrapper svg-icon-arrow-down" style="width:15px; height:15px">
                        <svg class="svg-inline icon-arrow-down" xmlns="http://www.w3.org/2000/svg" viewBox="0 0 12 13" width="100%" height="100%"><path fill="#EB0203" fill-rule="evenodd" d="M5.406 9.174l-5.16-5.16a.84.84 0 111.189-1.188L6 7.39l4.565-4.565a.84.84 0 011.189 1.188l-5.16 5.16a.837.837 0 01-1.188 0z"></path></svg>
                        </span>
                        </span>
                        <span class="refinement-opened">
                        <span class="svg-wrapper svg-icon-arrow-up" style="width:auto; height:auto">
                        <svg class="svg-inline icon-arrow-up" xmlns="http://www.w3.org/2000/svg" viewBox="0 0 15 9" width="15" height="9"><path fill="#EB0203" fill-rule="evenodd" d="M6.757.532l-6.45 6.45a1.05 1.05 0 1 0 1.486 1.486L7.5 2.76l5.707 5.707a1.05 1.05 0 0 0 1.485-1.486L8.242.532a1.047 1.047 0 0 0-1.485 0z"></path></svg>
                        </span>
                        </span>
                        </button>
                        </div>
                        <div class="content value refinement-content " id="refinement-sem-adição-de-açúcar">
                        <ul class="values content row">
                        <li class="refinement-value-block col-sm-6 col-md-12">
                        <ul>
                        <li class="refinement-value   ">
                        <button data-href="/on/demandware.store/Sites-continente-Site/default/Search-ShowAjax?cgid=mercearias&amp;pmin=0%2e01&amp;prefn1=food%2eSugarFree&amp;prefv1=Produto%20Sem%20Adi%c3%a7%c3%a3o%20de%20A%c3%a7%c3%bacar" class="refinement-btn ">
                        <div class="ct-form-checkbox">
                        <input id="Produto Sem Adição de Açúcar" type="checkbox" title="">
                        <label class="ct-form-check-label" for="Produto Sem Adição de Açúcar">
                         Produto Sem Adição de Açúcar <span class="hit-count">(1635)</span>
                        </label>
                        <span class="checkmark"></span>
                        </div>
                        <span class="sr-only selected-assistive-text">
                        Refine by Sem Adição de Açúcar: Produto Sem Adição de Açúcar
                        </span>
                        </button>
                        </li>
                        </ul>
                        </li>
                        </ul>
                        </div>
                        </div>
                        <div class="collapsible-lg ct-border--radius active refinement refinement-food.glutenfree" data-refinement-type="food.GlutenFree">
                        <div class="col-sm-12">
                        <button class="title refinement-title text-left btn-block ct-font--opensans-bold d-flex justify-content-between" aria-controls="refinement-sem-glúten" aria-expanded="false">
                        <span class="refinement-title-text">
                        Sem Glúten
                        </span>
                        <span class="refinement-closed">
                        <span class="svg-wrapper svg-icon-arrow-down" style="width:15px; height:15px">
                        <svg class="svg-inline icon-arrow-down" xmlns="http://www.w3.org/2000/svg" viewBox="0 0 12 13" width="100%" height="100%"><path fill="#EB0203" fill-rule="evenodd" d="M5.406 9.174l-5.16-5.16a.84.84 0 111.189-1.188L6 7.39l4.565-4.565a.84.84 0 011.189 1.188l-5.16 5.16a.837.837 0 01-1.188 0z"></path></svg>
                        </span>
                        </span>
                        <span class="refinement-opened">
                        <span class="svg-wrapper svg-icon-arrow-up" style="width:auto; height:auto">
                        <svg class="svg-inline icon-arrow-up" xmlns="http://www.w3.org/2000/svg" viewBox="0 0 15 9" width="15" height="9"><path fill="#EB0203" fill-rule="evenodd" d="M6.757.532l-6.45 6.45a1.05 1.05 0 1 0 1.486 1.486L7.5 2.76l5.707 5.707a1.05 1.05 0 0 0 1.485-1.486L8.242.532a1.047 1.047 0 0 0-1.485 0z"></path></svg>
                        </span>
                        </span>
                        </button>
                        </div>
                        <div class="content value refinement-content " id="refinement-sem-glúten">
                        <ul class="values content row">
                        <li class="refinement-value-block col-sm-6 col-md-12">
                        <ul>
                        <li class="refinement-value   ">
                        <button data-href="/on/demandware.store/Sites-continente-Site/default/Search-ShowAjax?cgid=mercearias&amp;pmin=0%2e01&amp;prefn1=food%2eGlutenFree&amp;prefv1=Produto%20Sem%20Gl%c3%baten" class="refinement-btn ">
                        <div class="ct-form-checkbox">
                        <input id="Produto Sem Glúten" type="checkbox" title="">
                        <label class="ct-form-check-label" for="Produto Sem Glúten">
                        Produto Sem Glúten <span class="hit-count">(2155)</span>
                        </label>
                        <span class="checkmark"></span>
                        </div>
                        <span class="sr-only selected-assistive-text">
                        Refine by Sem Glúten: Produto Sem Glúten
                        </span>
                        </button>
                        </li>
                        </ul>
                        </li>
                        </ul>
                        </div>
                        </div>
                        <div class="collapsible-lg ct-border--radius active refinement refinement-food.lactosefree" data-refinement-type="food.LactoseFree">
                        <div class="col-sm-12">
                        <button class="title refinement-title text-left btn-block ct-font--opensans-bold d-flex justify-content-between" aria-controls="refinement-sem-lactose" aria-expanded="false">
                        <span class="refinement-title-text">
                        Sem Lactose
                        </span>
                        <span class="refinement-closed">
                        <span class="svg-wrapper svg-icon-arrow-down" style="width:15px; height:15px">
                        <svg class="svg-inline icon-arrow-down" xmlns="http://www.w3.org/2000/svg" viewBox="0 0 12 13" width="100%" height="100%"><path fill="#EB0203" fill-rule="evenodd" d="M5.406 9.174l-5.16-5.16a.84.84 0 111.189-1.188L6 7.39l4.565-4.565a.84.84 0 011.189 1.188l-5.16 5.16a.837.837 0 01-1.188 0z"></path></svg>
                        </span>
                        </span>
                        <span class="refinement-opened">
                        <span class="svg-wrapper svg-icon-arrow-up" style="width:auto; height:auto">
                        <svg class="svg-inline icon-arrow-up" xmlns="http://www.w3.org/2000/svg" viewBox="0 0 15 9" width="15" height="9"><path fill="#EB0203" fill-rule="evenodd" d="M6.757.532l-6.45 6.45a1.05 1.05 0 1 0 1.486 1.486L7.5 2.76l5.707 5.707a1.05 1.05 0 0 0 1.485-1.486L8.242.532a1.047 1.047 0 0 0-1.485 0z"></path></svg>
                        </span>
                        </span>
                        </button>
                        </div>
                        <div class="content value refinement-content " id="refinement-sem-lactose">
                        <ul class="values content row">
                        <li class="refinement-value-block col-sm-6 col-md-12">
                        <ul>
                        <li class="refinement-value   ">
                        <button data-href="/on/demandware.store/Sites-continente-Site/default/Search-ShowAjax?cgid=mercearias&amp;pmin=0%2e01&amp;prefn1=food%2eLactoseFree&amp;prefv1=Produto%20Sem%20Lactose" class="refinement-btn ">
                        <div class="ct-form-checkbox">
                        <input id="Produto Sem Lactose" type="checkbox" title="">
                        <label class="ct-form-check-label" for="Produto Sem Lactose">
                        Produto Sem Lactose <span class="hit-count">(2403)</span>
                        </label>
                        <span class="checkmark"></span>
                        </div>
                        <span class="sr-only selected-assistive-text">
                        Refine by Sem Lactose: Produto Sem Lactose
                        </span>
                        </button>
                        </li>
                        </ul>
                        </li>
                        </ul>
                        </div>
                        </div>
                        <div class="collapsible-lg ct-border--radius active refinement refinement-food.vegetarian" data-refinement-type="food.Vegetarian">
                        <div class="col-sm-12">
                        <button class="title refinement-title text-left btn-block ct-font--opensans-bold d-flex justify-content-between" aria-controls="refinement-vegetariano" aria-expanded="false">
                        <span class="refinement-title-text">
                        Vegetariano
                        </span>
                        <span class="refinement-closed">
                        <span class="svg-wrapper svg-icon-arrow-down" style="width:15px; height:15px">
                        <svg class="svg-inline icon-arrow-down" xmlns="http://www.w3.org/2000/svg" viewBox="0 0 12 13" width="100%" height="100%"><path fill="#EB0203" fill-rule="evenodd" d="M5.406 9.174l-5.16-5.16a.84.84 0 111.189-1.188L6 7.39l4.565-4.565a.84.84 0 011.189 1.188l-5.16 5.16a.837.837 0 01-1.188 0z"></path></svg>
                        </span>
                        </span>
                        <span class="refinement-opened">
                        <span class="svg-wrapper svg-icon-arrow-up" style="width:auto; height:auto">
                        <svg class="svg-inline icon-arrow-up" xmlns="http://www.w3.org/2000/svg" viewBox="0 0 15 9" width="15" height="9"><path fill="#EB0203" fill-rule="evenodd" d="M6.757.532l-6.45 6.45a1.05 1.05 0 1 0 1.486 1.486L7.5 2.76l5.707 5.707a1.05 1.05 0 0 0 1.485-1.486L8.242.532a1.047 1.047 0 0 0-1.485 0z"></path></svg>
                        </span>
                        </span>
                        </button>
                        </div>
                        <div class="content value refinement-content " id="refinement-vegetariano">
                        <ul class="values content row">
                        <li class="refinement-value-block col-sm-6 col-md-12">
                        <ul>
                        <li class="refinement-value   ">
                        <button data-href="/on/demandware.store/Sites-continente-Site/default/Search-ShowAjax?cgid=mercearias&amp;pmin=0%2e01&amp;prefn1=food%2eVegetarian&amp;prefv1=Produto%20Vegetariano" class="refinement-btn ">
                        <div class="ct-form-checkbox">
                        <input id="Produto Vegetariano" type="checkbox" title="">
                        <label class="ct-form-check-label" for="Produto Vegetariano">
                        Produto Vegetariano <span class="hit-count">(2846)</span>
                        </label>
                        <span class="checkmark"></span>
                        </div>
                        <span class="sr-only selected-assistive-text">
                        Refine by Vegetariano: Produto Vegetariano
                        </span>
                        </button>
                        </li>
                        </ul>
                        </li>
                        </ul>
                        </div>
                        </div>
                        <div class="collapsible-lg ct-border--radius active refinement refinement-food.vegan" data-refinement-type="food.Vegan">
                        <div class="col-sm-12">
                        <button class="title refinement-title text-left btn-block ct-font--opensans-bold d-flex justify-content-between" aria-controls="refinement-vegan" aria-expanded="false">
                        <span class="refinement-title-text">
                        Vegan
                        </span>
                        <span class="refinement-closed">
                        <span class="svg-wrapper svg-icon-arrow-down" style="width:15px; height:15px">
                        <svg class="svg-inline icon-arrow-down" xmlns="http://www.w3.org/2000/svg" viewBox="0 0 12 13" width="100%" height="100%"><path fill="#EB0203" fill-rule="evenodd" d="M5.406 9.174l-5.16-5.16a.84.84 0 111.189-1.188L6 7.39l4.565-4.565a.84.84 0 011.189 1.188l-5.16 5.16a.837.837 0 01-1.188 0z"></path></svg>
                        </span>
                        </span>
                        <span class="refinement-opened">
                        <span class="svg-wrapper svg-icon-arrow-up" style="width:auto; height:auto">
                        <svg class="svg-inline icon-arrow-up" xmlns="http://www.w3.org/2000/svg" viewBox="0 0 15 9" width="15" height="9"><path fill="#EB0203" fill-rule="evenodd" d="M6.757.532l-6.45 6.45a1.05 1.05 0 1 0 1.486 1.486L7.5 2.76l5.707 5.707a1.05 1.05 0 0 0 1.485-1.486L8.242.532a1.047 1.047 0 0 0-1.485 0z"></path></svg>
                        </span>
                        </span>
                        </button>
                        </div>
                        <div class="content value refinement-content " id="refinement-vegan">
                        <ul class="values content row">
                        <li class="refinement-value-block col-sm-6 col-md-12">
                        <ul>
                        <li class="refinement-value   ">
                        <button data-href="/on/demandware.store/Sites-continente-Site/default/Search-ShowAjax?cgid=mercearias&amp;pmin=0%2e01&amp;prefn1=food%2eVegan&amp;prefv1=Produto%20Vegan" class="refinement-btn ">
                        <div class="ct-form-checkbox">
                        <input id="Produto Vegan" type="checkbox" title="">
                        <label class="ct-form-check-label" for="Produto Vegan">
                         Produto Vegan <span class="hit-count">(1942)</span>
                        </label>
                        <span class="checkmark"></span>
                        </div>
                        <span class="sr-only selected-assistive-text">
                        Refine by Vegan: Produto Vegan
                        </span>
                        </button>
                        </li>
                        </ul>
                        </li>
                        </ul>
                        </div>
                        </div>
                        <div class="collapsible-lg ct-border--radius active refinement refinement-food.biologic" data-refinement-type="food.Biologic">
                        <div class="col-sm-12">
                        <button class="title refinement-title text-left btn-block ct-font--opensans-bold d-flex justify-content-between" aria-controls="refinement-biológico" aria-expanded="false">
                        <span class="refinement-title-text">
                        Biológico
                        </span>
                        <span class="refinement-closed">
                        <span class="svg-wrapper svg-icon-arrow-down" style="width:15px; height:15px">
                        <svg class="svg-inline icon-arrow-down" xmlns="http://www.w3.org/2000/svg" viewBox="0 0 12 13" width="100%" height="100%"><path fill="#EB0203" fill-rule="evenodd" d="M5.406 9.174l-5.16-5.16a.84.84 0 111.189-1.188L6 7.39l4.565-4.565a.84.84 0 011.189 1.188l-5.16 5.16a.837.837 0 01-1.188 0z"></path></svg>
                        </span>
                        </span>
                        <span class="refinement-opened">
                        <span class="svg-wrapper svg-icon-arrow-up" style="width:auto; height:auto">
                        <svg class="svg-inline icon-arrow-up" xmlns="http://www.w3.org/2000/svg" viewBox="0 0 15 9" width="15" height="9"><path fill="#EB0203" fill-rule="evenodd" d="M6.757.532l-6.45 6.45a1.05 1.05 0 1 0 1.486 1.486L7.5 2.76l5.707 5.707a1.05 1.05 0 0 0 1.485-1.486L8.242.532a1.047 1.047 0 0 0-1.485 0z"></path></svg>
                        </span>
                        </span>
                        </button>
                        </div>
                        <div class="content value refinement-content " id="refinement-biológico">
                        <ul class="values content row">
                        <li class="refinement-value-block col-sm-6 col-md-12">
                        <ul>
                        <li class="refinement-value   ">
                        <button data-href="/on/demandware.store/Sites-continente-Site/default/Search-ShowAjax?cgid=mercearias&amp;pmin=0%2e01&amp;prefn1=food%2eBiologic&amp;prefv1=Produto%20Biol%c3%b3gico" class="refinement-btn ">
                        <div class="ct-form-checkbox">
                        <input id="Produto Biológico" type="checkbox" title="">
                        <label class="ct-form-check-label" for="Produto Biológico">
                        Produto Biológico <span class="hit-count">(335)</span>
                        </label>
                        <span class="checkmark"></span>
                        </div>
                        <span class="sr-only selected-assistive-text">
                        Refine by Biológico: Produto Biológico
                        </span>
                        </button>
                        </li>
                        </ul>
                        </li>
                        </ul>
                        </div>
                        </div>
                        </div>
                        </div>
                        <div class="search-results-left-advertising-banner d-none d-md-block custom-advertising-pushed">
                        <div id="col-search-left-advertising-banners">
                        <div class="ad-content ct-mb--30 d-none" data-gtm-banner-prefix="category" style="">
                        <div id="ad-clp-filter-first" class="gpt-contents text-center" data-unitpath="/21868577187/OSF_CPL_SideFirst_Mercearia" data-size="[[200, 200],[[[1024,540],[200,200]],[[768,500],[200,200]],[[320,240],[200,200]]]]" data-google-query-id="CI3R3OLu_foCFUJGGwodM64Mag">
                        <div id="google_ads_iframe_/21868577187/OSF_CPL_SideFirst_Mercearia_0__container__" style="border: 0pt none; width: 200px; height: 0px;"></div></div>
                         </div>
                        <div class="ad-content d-none" data-gtm-banner-prefix="category" style="">
                        <div id="ad-clp-filter-second" class="gpt-contents text-center" data-unitpath="/21868577187/OSF_CPL_SideSecond_Mercearia" data-size="[[200, 200],[[[1024, 540],[200,200]],[[768,500],[200,200]],[[320,240],[200,200]]]]" data-google-query-id="CIb93eLu_foCFRZHHQkd1ZMLAw">
                        <div id="google_ads_iframe_/21868577187/OSF_CPL_SideSecond_Mercearia_0__container__" style="border: 0pt none; width: 200px; height: 0px;"></div></div>
                        </div>
                        </div>
                        </div>
                        </div>
                        <div class="results-section">

                        <div class="row product-grid-header ct-border--radius mx-0">
                        <div class="col-6 col-sm-auto product-grid-filter-btn text-right d-md-none">
                        <button type="button" class="btn pull-left text-left filter-results col-12 pl-0">
                        <span class="ct-font--opensans-bold">
                        Filtrar
                        </span>
                        <span class="symbol-colon">
                        :
                        </span>
                        <span class="svg-wrapper svg-icon-filter" style="width:17px; height:16px">
                        <svg class="svg-inline icon-filter" xmlns="http://www.w3.org/2000/svg" width="100%" height="100%" viewBox="0 0 17 16"><g fill="none" fill-rule="evenodd"><rect width="17" height="1" y="2" fill="#EB0203" rx=".5"></rect><rect width="17" height="1" y="8" fill="#EB0203" rx=".5"></rect><rect width="17" height="1" y="14" fill="#EB0203" rx=".5"></rect><path fill="#FFF" fill-rule="nonzero" stroke="#EB0203" d="M3.5 14.5a.997.997 0 0 1 1.707-.707.997.997 0 0 1 0 1.414.997.997 0 0 1-1.414 0A.997.997 0 0 1 3.5 14.5zM3.5 2.5a.997.997 0 0 1 1.707-.707.997.997 0 0 1 0 1.414.997.997 0 0 1-1.414 0A.997.997 0 0 1 3.5 2.5zM10.5 8.5a.997.997 0 0 1 1.707-.707.997.997 0 0 1 0 1.414.997.997 0 0 1-1.414 0A.997.997 0 0 1 10.5 8.5z"></path></g></svg>
                        </span>
                        <div class="filters-count-wrapper d-none justify-content-center align-items-center">
                        <span class="filters-count"></span>
                        </div>
                        </button>
                        </div>
                        <div class="col-12 col-sm-auto col-md-8 product-grid-applied-filters d-none d-sm-flex align-items-center">
                        <div class="filter-bar">
                        </div>
                        </div>
                        <div class="overflow-filters-reset d-none d-sm-flex align-items-center ml-auto">
                        </div>
                        <div class="col-6 col-sm-3 col-md-4 product-grid-sort">
                        <div class="ct-select-wrapper">
                        <label class="visually-hidden--sm-down" for="sort-order">Ordenar por</label>
                        <select name="sort-order" id="sort-order" class="ct-custom-select" aria-label="Sort By">
                        <option class="search-relevance" value="https://www.continente.pt/on/demandware.store/Sites-continente-Site/default/Search-UpdateGrid?cgid=mercearias&amp;pmin=0.01&amp;srule=Continente&amp;start=0&amp;sz=36" data-id="search-relevance">
                        Relevância
                        </option>
                        <option class="price-low-to-high" value="https://www.continente.pt/on/demandware.store/Sites-continente-Site/default/Search-UpdateGrid?cgid=mercearias&amp;pmin=0.01&amp;srule=price-low-to-high&amp;start=0&amp;sz=36" data-id="price-low-to-high">
                        Preço (menor)
                        </option>
                        <option class="price-high-to-low" value="https://www.continente.pt/on/demandware.store/Sites-continente-Site/default/Search-UpdateGrid?cgid=mercearias&amp;pmin=0.01&amp;srule=price-high-to-low&amp;start=0&amp;sz=36" data-id="price-high-to-low">
                        Preço (maior)
                        </option>
                        <option class="price-per-capacity" value="https://www.continente.pt/on/demandware.store/Sites-continente-Site/default/Search-UpdateGrid?cgid=mercearias&amp;pmin=0.01&amp;srule=price-per-capacity&amp;start=0&amp;sz=36" data-id="price-per-capacity">
                        Preço/capacidade
                        </option>
                        <option class="product-name-ascending" value="https://www.continente.pt/on/demandware.store/Sites-continente-Site/default/Search-UpdateGrid?cgid=mercearias&amp;pmin=0.01&amp;srule=product-name-ascending&amp;start=0&amp;sz=36" data-id="product-name-ascending">
                        Nome (A a Z)
                        </option>
                        <option class="product-name-descending" value="https://www.continente.pt/on/demandware.store/Sites-continente-Site/default/Search-UpdateGrid?cgid=mercearias&amp;pmin=0.01&amp;srule=product-name-descending&amp;start=0&amp;sz=36" data-id="product-name-descending">
                        Nome (Z a A)
                        </option>
                        </select>
                        <i aria-hidden="true" class="search-arrow">
                        <span class="svg-wrapper svg-icon-arrow-down" style="width:12px; height:13px">
                        <svg class="svg-inline icon-arrow-down" xmlns="http://www.w3.org/2000/svg" viewBox="0 0 12 13" width="100%" height="100%"><path fill="#EB0203" fill-rule="evenodd" d="M5.406 9.174l-5.16-5.16a.84.84 0 111.189-1.188L6 7.39l4.565-4.565a.84.84 0 011.189 1.188l-5.16 5.16a.837.837 0 01-1.188 0z"></path></svg>
                        </span>
                        </i>
                        </div>
                        </div>
                        <div class="col-12 js-product-filter-no-results product-filter-no-results--wrapper text-center d-none">
                        <div class="search-no-results--icon d-flex justify-content-center ct-mb--15">
                        <span class="svg-wrapper svg-icon-computer" style="width:auto; height:auto">
                        <svg class="svg-inline icon-computer" xmlns="http://www.w3.org/2000/svg" viewBox="0 0 60 40" width="60" height="40"><path d="M28.905 1.7v.011c1.946 0 4.215-.056 5.906.318l1.073.045c1.095.242 2.317.208 3.375.45 1.125.256 2.25.207 3.311.45l2.91.226c.791.177 1.706.075 2.55.272 1.305.302 2.782.404 4.024.718 1.391.355 2.756.468 4.125.812.648.166 1.406.049 1.968.317.563.268 1.17 1.201 1.61 1.666.04.827-.44 1.458-.75 2.074-.244.469-.376.94-.582 1.443-.206.503-.57 1.134-.806 1.666-.428.986-.78 1.89-1.208 2.841-.217.484-.592.948-.806 1.443-.72 1.655-1.335 3.332-2.059 5.002-.724 1.67-1.642 3.32-2.059 5.228-.547.378-.705.378-1.432.269a.616.616 0 00-.041.181c.08.643.093 1.292.041 1.938a.479.479 0 01-.266.317c-.375.246-.934.25-1.388.405-1.001.34-2.145.664-3.131 1.035-.375.14-.724.166-1.073.317-4.66 1.98-9.367 3.921-14.306 5.587-1.125.378-2.336.82-3.401 1.262-.409.17-.799.189-1.207.378-.334.14-1.47.755-1.924.63-1.26-.347-2.584-1.28-3.75-1.801-2.329-1.04-4.5-2.21-6.848-3.245-.693-.31-1.406-.756-2.1-1.085a134.322 134.322 0 01-7.563-3.649c-.6-.325-1.212-.6-1.797-.888-.281-.132-.607-.189-.716-.495-.255-.37-.255-1.934-.131-2.417 1.961-1.058 4.44-1.53 6.618-2.346.477-.178.92-.185 1.388-.36 1.999-.755 4.166-1.235 6.262-1.937.672-.223 1.422-.491 2.104-.722l1.298-.313c.862-.291 1.826-.635 2.73-.858a3.6 3.6 0 01.446-.948c.375-.861.716-1.753 1.076-2.569.24-.552.375-1.058.627-1.62.206-.48.547-.964.75-1.444.877-1.994 1.95-3.876 2.82-5.86.375-.842.75-1.669 1.125-2.477.375-.896.55-1.625 1.207-2.267zm-7.62 18.058l.015.026-.163.101c-.46.24-1.11.269-1.626.443-.971.321-2.021.556-3.041.9-3.375 1.133-6.896 2.126-10.245 3.244-1.234.412-2.449.703-3.581 1.172-.559.234-1.268.113-1.253.948.078.247.138.5.18.755 1.125.491 2.25 1.168 3.375 1.666 4.185 1.89 8.157 4.046 12.345 5.905 1.466.65 2.888 1.454 4.388 2.12.581.256 1.2.789 1.875.898.401-.29 1.05-.34 1.5-.54 1.125-.476 2.31-.88 3.446-1.307.488-.181.956-.204 1.433-.404 2.11-.9 4.342-1.492 6.487-2.388 2.453-1.027 5.021-2.138 7.47-3.158 1.178-.487 2.479-.725 3.667-1.171.413-.155 1.005-.155 1.343-.404.179-.205.083-1.018.052-1.467l-.007-.112-.311-.269-.308-.123c-.84-.29-1.824-.287-2.737-.553-1.38-.378-2.805-.755-4.125-1.17-.536-.178-1.028-.186-1.568-.379-2.97-.974-6.24-1.556-9.259-2.478-.99-.302-1.934-.378-2.91-.676-.635-.196-1.34-.366-2.019-.542l-.665-.18-1.79-.313-.218-.067c-.538-.175-1.255-.46-1.75-.477zM2.242 26.142c.75 0 1.268.491 1.79.756.52.264.97.378 1.477.585.506.208 1.125.609 1.698.854.375.17.882.265 1.163.54 1.073-.442 2.31-.627 3.446-.99.334-.105.923-.43 1.388-.317.665.228 1.309.515 1.923.858.548.242 1.092.378 1.654.63.439.193.904.488 1.343.677.439.189.772.234 1.162.404.326.144.66.4.986.544.578.253 1.04.268 1.028 1.133a.994.994 0 00-.135.378c-.641.302-1.38.62-2.055.903-.28.117-.647.144-.91.293l-.121.085h.045l.217.119c.147.075.299.141.454.198.592.31 1.256.642 1.875.9.232.098.439.082.671.18.233.099.525.307.75.409.225.102.349.053.537.132.187.08.337.283.67.317.327-.276 1.092-.4 1.523-.585.889-.378 1.875-.756 2.771-1.134.376-.155.75-.162 1.126-.317 2.5-1.017 5.143-1.913 7.695-2.907l1.518-.61 1.478-.45.51-.193c.691-.26 1.41-.53 2.04-.796a98.345 98.345 0 014.125-1.625c.375-.14 1.305-.533 1.5 0 .138.174.052.34 0 .54-1.05.578-2.374.797-3.533 1.307-4.305 1.89-9.15 3.325-13.5 5.138-.311.132-.588.144-.896.272-1.339.56-2.801 1.016-4.125 1.58-.413.173-1.549.434-1.793.717-.303.453.02.971-.892.756a1.174 1.174 0 01-.225-.809c-.206-.056-.244-.196-.401-.272-.222-.102-.405-.083-.627-.181-.142-.06-.307-.208-.45-.268-.536-.242-1.08-.352-1.608-.586-.529-.234-1.05-.585-1.568-.812-1.5-.654-2.876-1.198-4.339-1.847a13.701 13.701 0 01-1.477-.813 13.208 13.208 0 00-1.609-.721c-1.125-.506-2.25-1.205-3.401-1.712-1.309-.608-2.685-1.148-3.96-1.824-.259-.136-1.125-.435-1.208-.673-.244-.263-.046-.49.132-.646l.048-.041.09-.076zm10.602 2.524l-3.086.854.018.014c.014.012 0-.005.072.03.374.352 1.477.711 2.013.95.285.124.585.35.851.494.8.438 1.598.756 2.46 1.133.293.129 1.186.722 1.564.631.101-.022.27-.147.375-.177.653-.242 1.283-.378 1.875-.631.296-.125.705-.083.75-.454a8.618 8.618 0 01-1.252-.585c-1.159-.484-2.205-.843-3.357-1.353-.697-.306-1.353-.865-2.283-.906zm9.172-7.934c.512.063 1.01.206 1.478.424 1.211.377 2.392.66 3.532 1.038 1.14.378 2.157.469 3.267.809 1.11.34 2.163.733 3.22 1.084 1.362.45 2.765.684 4.126 1.133 1.155.378 2.227.62 3.375.994.453.151 1.185.14 1.338.586.113.143.068.238.046.45-.54.377-1.186.524-1.876.811-1.147.476-2.32.797-3.577 1.217-1.47.487-2.865 1.092-4.249 1.666-.401.166-.798.208-1.211.378-.855.317-1.624.612-2.505.899-.296.098-.716.377-1.163.272a5.319 5.319 0 01-1.162-.495c-.709-.378-1.418-.62-2.149-.948-.24-.11-.48-.325-.716-.45-1.316-.699-2.711-1.133-4.125-1.76-.48-.208-.953-.51-1.432-.718-1.74-.756-3.578-1.334-5.28-2.074-.698-.306-1.587-.488-2.146-.948a1.075 1.075 0 01-.09-.45c.105-.11.14-.317.267-.404.258-.182.667-.163.986-.272.319-.11.731-.336 1.072-.45.342-.113.642-.113.987-.226a87.26 87.26 0 012.426-.9c1.204-.404 2.445-.63 3.533-1.08.453-.178.916-.328 1.387-.45.194-.056.385-.018.539-.083l.087-.053h.015zm6.45 8.194l-.011.008-.153.095-.206.087c-.287.102-.616.155-.893.271-.319.15-.643.289-.97.415l-.497.18-.502.16v.092l.171.057.11.05c.073.034.143.074.21.12.709.309 1.462.777 2.25.947a2.36 2.36 0 00.892-.226c.578-.216 1.155-.525 1.748-.722.342-.053.674-.16.983-.317-.957-.378-2.055-1.031-3.132-1.217zm3.975-1.431c-.277.207-.682.215-1.027.377-.218.093-.44.179-.663.255l-.338.11-.342.096.045.046.213.117.22.102c.15.063.303.116.46.158.562.246 1.451.779 2.059.9a12.22 12.22 0 011.788-.756c.174-.073.366-.104.536-.162l.16-.07.11-.082-2.013-.676-.189-.102-.194-.088a3.108 3.108 0 00-.405-.135l-.208-.047-.212-.032v-.011zm-8.992-.514v.015l-.206.098-.21.086a3.79 3.79 0 01-.436.133c-.603.25-1.245.499-1.875.756.045.034 0 0 .09.045.31.176.64.311.983.404.525.227 1.054.48 1.612.722.157.102.321.192.492.268.251.064.633-.196.806-.268.566-.234 1.125-.412 1.654-.63.249-.06.488-.152.712-.277-.799-.302-1.567-.566-2.37-.899a3.826 3.826 0 00-1.252-.453zm13.256-.975c-.27.23-1.44.574-1.834.722-.167.06-.387.07-.538.148l-.081.055-.052.065h.09l.152.095.201.089c.353.13.783.185 1.124.315.396.117.78.271 1.148.46.109.076.075.163.225.227.322-.219.75-.215 1.163-.378.412-.162.885-.377 1.297-.54.229-.087.495-.083.671-.226-.502-.19-.997-.272-1.522-.45a8.908 8.908 0 00-2.044-.582zm-9.724-.415v.011l-.171.113-.234.12c-.312.14-.691.26-1.038.373l-.332.113-.235.09v.033l.261.071.256.085c.254.092.5.206.736.34.472.207.915.298 1.384.498.228.094.528.287.75.378.307.094.584-.151.75-.227.304-.127.613-.243.926-.348l.472-.15.477-.133v-.045l-.283-.063-.277-.078a5.123 5.123 0 01-.802-.328c-.6-.245-1.177-.355-1.788-.585a3.223 3.223 0 00-.852-.268zm-8.066-.416l.015.019-.228.1-.234.086a4.31 4.31 0 01-.48.131c-.29.127-.584.243-.882.349l-.45.15-.456.132v.087l.414.133.409.148c.406.155.803.333 1.19.531.376.151.818.2 1.073.454.945-.416 1.965-.654 2.865-1.085-.045-.034 0 0-.09-.045a3.23 3.23 0 00-.896-.378c-.607-.257-1.5-.778-2.25-.812zm11.332-1.061c-.375.343-1.233.638-1.743.853.045.038 0 0 .09.046.3.234.795.257 1.162.408.893.362 1.805.677 2.73.944.327.095.788-.234 1.028-.313.375-.121 1.323-.28 1.477-.54-.353-.07-.699-.177-1.031-.318-.81-.268-1.564-.378-2.325-.676a3.886 3.886 0 00-1.388-.404zM29.81 2.783l-.545.001v.012l-.085.232c-.09.23-.197.452-.32.667-.405.925-.814 1.813-1.207 2.705-1.332 3.022-2.794 5.787-4.125 8.836-.165.378-.417.79-.582 1.17-.221.507-.322.976-.54 1.486a3.87 3.87 0 00-.39.997c.301.07.646.197.976.305l.322.1 1.788.316 1.119.298c1.126.289 2.268.558 3.359.87 1.832.524 3.68.846 5.466 1.351l.886.27 1.257.271.916.279c1.541.435 3.14.745 4.675 1.255 1.02.34 2.179.593 3.266.9.803.226 1.579.226 2.37.453.315.087 1.782.457 2.014.359.375-.216.506-1.047.671-1.489.424-1.133.908-2.176 1.388-3.29.75-1.76 1.5-3.593 2.28-5.361.214-.487.589-.948.806-1.443.454-1.035.836-2.014 1.297-3.064.132-.302.376-.646.492-.948.221-.506.337-.997.581-1.489.244-.49.623-.944.716-1.53-.169-.113-.258-.31-.401-.453a5.582 5.582 0 00-.66-.49l-.236-.14-3.18-.552-.7-.166c-1.184-.26-2.445-.444-3.639-.733-.731-.178-1.459-.16-2.149-.318-.884-.204-1.823-.127-2.699-.24l-.432-.073-1.072-.046-.594-.11c-1.194-.183-2.434-.158-3.614-.434-.85-.195-1.812-.212-2.725-.35l-.541-.1-1.073-.045-.424-.084c-1.425-.248-3.076-.196-4.712-.185zm-7.392 21.24c-.398.298-1.294.423-1.79.63.046.039 0 0 .09.046.338.26.89.321 1.298.495.409.174.814.321 1.208.495.082.038.217.166.315.181.097.015.427-.177.536-.226.328-.146.776-.22 1.131-.374l.2-.103.146-.109-1.702-.586-.225-.113-.232-.1a3.832 3.832 0 00-.976-.236zm-6.942-.189l.008.008-.106.059-.115.036c-.12.03-.255.04-.405.086-.446.147-1.471.368-2.016.607l-.163.08-.101.068h.09l.102.079.15.07c.158.06.338.094.498.165.344.194.704.36 1.076.495.262.064.697-.197.892-.268.45-.164.883-.286 1.307-.42l.423-.141.419-.16v-.042l-.266-.055-.26-.085c-.513-.195-.998-.514-1.533-.582zM57.45 7.178c.153.001.305.032.446.09.05.097.11.187.18.269 0 .6-.262.695-.446 1.039-.184.343-.21.566-.375.853-.304.59-.664 1.224-.938 1.851-1.432 3.26-2.932 6.536-4.342 9.777-.45 1.04-.84 2.131-1.339 3.113-.169.329-.18.858-.54.99-.33.227-.656-.136-.716-.359l.135-.585c.596-1.444 1.241-2.917 1.875-4.375.529-1.205 1.174-2.44 1.703-3.65.708-1.624 1.32-3.248 2.1-4.778.7-1.36 1.203-3.242 2.25-4.235h.007zM25.828 22.853l-.138.109-.195.094c-.277.106-.619.144-.91.241l-.208.086-.156.1h.045l.155.107.21.107c.53.235 1.299.372 1.78.541.173.06.465.291.716.223.294-.102.582-.216.866-.342l.42-.198.413-.215v-.046l-.384-.055-.367-.079a13.23 13.23 0 01-.968-.283l-.476-.156-.441-.136-.362-.098zm-6.99-.046l-1.742.494v.046l.286.066.274.099c.45.184.865.451 1.315.556.218.05 1.823-.517 1.969-.63a7.243 7.243 0 01-1.027-.303l-.334-.117-.332-.107-.41-.104zM29.845 4.37a9.974 9.974 0 011.65.11l.409.071.938.046.327.061c.45.073.934.113 1.33.207.716.17 1.476.148 2.18.243l.415.074 3.398.272.21.034c.29.033.614.026.914.098 1.72.433 3.589.551 5.37.883l.758.156 2.085.174.596.122c.795.145 1.593.232 2.355.422.574.144 1.5 0 1.924.314.296.207.206.676.045.993-.161.317-.401.59-.536.9-.278.638-.45 1.242-.75 1.847-1.058 2.062-1.92 4.238-2.861 6.4-.376.894-.953 1.809-1.343 2.704-.341.782-.667 1.545-.986 2.3-.165.401-.221.88-.537 1.134-.315.253-1.125.076-1.522-.045-.818-.255-1.65-.476-2.46-.708l-.803-.237-.75-.136-.546-.174a66.692 66.692 0 00-1.703-.502c-.616-.178-1.193-.166-1.79-.378-3.224-1.061-6.787-1.677-9.974-2.746-.878-.295-1.845-.397-2.775-.631-.822-.208-1.152 0-1.703-.544 0-.635.341-1.133.54-1.575.323-.733.585-1.485.938-2.165.427-.82.694-1.693 1.072-2.569a76.341 76.341 0 012.149-4.507c.465-.895.75-1.99 1.436-2.648zm.447 1.039c-1.395 2.644-2.487 5.353-3.713 8.156-.157.378-.424.725-.581 1.08-.255.582-.42 1.134-.671 1.716a3.36 3.36 0 00-.402.944c1.197 0 2.648.484 3.623.812.975.329 2.073.54 3.041.858.592.192 1.147.208 1.744.404 1.875.62 3.922 1.035 5.816 1.58.84.237 1.624.275 2.419.54.862.286 1.852.456 2.771.755.817.272 1.781.684 2.775.721 1.395-3.275 2.865-6.376 4.294-9.648.105-.234.3-.484.405-.718.468-1.076.87-2.066 1.342-3.158a7.35 7.35 0 00.492-.99 5.528 5.528 0 01-1.388-.226c-.636-.16-1.248-.21-1.863-.314l-.462-.09-2.46-.227-6.488-1.08-.407-.074c-.704-.093-1.426-.042-2.115-.137l-.343-.062h-.49l-.43-.077c-.866-.123-1.78-.078-2.657-.282a22.155 22.155 0 00-4.253-.483zM22.08 21.768c-.323.218-.795.21-1.178.327l-.183.07-.162.101h.09l.105.062.154.05c.163.04.346.057.492.111.232.087 1.046.476 1.342.408.274-.091.543-.197.806-.317.117-.02.232-.05.344-.088l.166-.063.162-.076-2.138-.585zM4.211 15.323c.314.023.619.115.893.272.694.23 1.267.419 1.875.676.322.136.649.11.75.45.247.377-.24.812-.671.676-.66-.212-1.347-.59-2.014-.813-.375-.132-.938-.11-1.073-.494-.288-.306.072-.616.225-.756l.015-.011zm2.325-8.651c.533 0 .555.317.852.54.85.65 1.5 1.51 2.25 2.266.292.295.72.5.75 1.04-.09.116-.102.226-.222.313a.421.421 0 01-.45.045c-.277-.087-.401-.313-.581-.495l-1.027-.99a3.896 3.896 0 00-.627-.755C7.16 8.39 6.398 7.812 6.23 7.465c-.199-.412.12-.605.311-.756l-.004-.037zm6.713-4.96c.167 0 .334.031.491.09.626 1.107 1.286 2.112 1.875 3.245.315.6.9.854.27 1.534h-.375c-.705-.756-1.125-1.757-1.699-2.645-.375-.566-.881-1.035-.896-1.938.111-.083.216-.174.315-.272l.019-.015zM20.955 0l.446.045c.27.446.319 1.04.537 1.58.211.46.372.943.48 1.439.022.143-.064.238-.087.378l-.251.207h-.315c-.135-.113-.244-.117-.311-.313-.143-.212-.087-.491-.18-.756-.255-.755-.75-1.564-.537-2.433A.75.75 0 0020.956 0z" fill="#32312D" fill-rule="evenodd"></path></svg>
                        </span>
                        </div>
                        <p class="d-flex justify-content-center text-center">
                        Lamentamos mas não encontramos resultados para os filtros aplicados.
                        </p>
                        <button class="btn reset ct-anchor no-padding js-reset-filters" data-href="/on/demandware.store/Sites-continente-Site/default/Search-ShowAjax?cgid=mercearias">
                        Limpar filtros
                        </button>
                        </div>
                        </div>
                        <div class="carousel-contained ct-clp--recommendations js-recommendations js-slot-recommendations gtm-list" data-gtm-list="Category - Recommendations">
                        
                        <script>
                        (function(){
                        // window.CQuotient is provided on the page by the Analytics code:
                        var cq = window.CQuotient;
                        if (cq && ('function' == typeof cq.getCQUserId)
                        && ('function' == typeof cq.getCQCookieId)
                        && ('function' == typeof cq.getCQHashedEmail)
                        && ('function' == typeof cq.getCQHashedLogin)) {
                        var recommender = '[[&quot;FOOD-MERCEARIA&quot;]]';
                        // removing any leading/trailing square brackets and escaped quotes:
                        recommender=recommender.replace(/\[|\]|&quot;/g,'');
                        var separator = '|||';
                        var slotConfigurationUUID = '0ac060d0cd8d51e3cae3b0e3cf';
                        var contextAUID = 'mercearias';
                        var contextSecondaryAUID = '';
                        var contextAltAUID = '';
                        var contextType = '';
                        var anchorsArray = [];
                        var contextAUIDs = contextAUID.split(separator);
                        var contextSecondaryAUIDs = contextSecondaryAUID.split(separator);
                        var contextAltAUIDs = contextAltAUID.split(separator);
                        var contextTypes = contextType.split(separator);
                        var slotName = 'col-category-product-recommendations';
                        var slotConfigId = 'FOOD Recommender Mercearia - Einstein';
                        var slotConfigTemplate = 'slots/recommendation/recommendedProductsCLP.isml';
                        if (contextAUIDs.length == contextSecondaryAUIDs.length)
                        {
                        for (i = 0; i < contextAUIDs.length; i++) {
                        anchorsArray.push({id: contextAUIDs[i], sku: contextSecondaryAUIDs[i], type: contextTypes[i], alt_id: contextAltAUIDs[i]});
                        }
                        } else {
                        anchorsArray = [{id: contextAUID, sku: contextSecondaryAUID, type: contextType, alt_id: contextAltAUID}];
                        }
                        var urlToCall = '/on/demandware.store/Sites-continente-Site/default/CQRecomm-Start';
                        var params = {
                        userId: cq.getCQUserId(),
                        cookieId: cq.getCQCookieId(),
                        emailId: cq.getCQHashedEmail(),
                        loginId: cq.getCQHashedLogin(),
                        anchors: anchorsArray,
                        slotId: slotName,
                        slotConfigId: slotConfigId,
                        slotConfigTemplate: slotConfigTemplate,
                        ccver: '1.03'
                        };
                        if (cq.getRecs) {
                        cq.getRecs(cq.clientId, recommender, params, cb);
                        } else {
                        cq.widgets = cq.widgets || [];
                        cq.widgets.push({
                        recommenderName: recommender,
                        parameters: params,
                        callback: cb
                        });
                        }
                        };
                        function cb(parsed) {
                        var arr = parsed[recommender].recs;
                        if (arr && 0 < arr.length) {
                        var filteredProductIds = '';
                        for (i = 0; i < arr.length; i++) {
                        filteredProductIds = filteredProductIds + 'pid' + i + '=' + encodeURIComponent(arr[i].id) + '&';
                        }
                        filteredProductIds = filteredProductIds.substring(0, filteredProductIds.length - 1);//to remove the trailing '&'
                        var formData = 'auid=' + encodeURIComponent(contextAUID)
                        + '&scid=' + slotConfigurationUUID
                        + '&' + filteredProductIds;
                        var request = new XMLHttpRequest();
                        request.open('POST', urlToCall, true);
                        request.setRequestHeader('Content-type', 'application/x-www-form-urlencoded');
                        request.onreadystatechange = function() {
                        if (this.readyState === 4) {
                        // Got the product data from DW, showing the products now by changing the inner HTML of the DIV:
                        var divId = 'cq_recomm_slot-' + slotConfigurationUUID;
                        document.getElementById(divId).innerHTML = this.responseText;
                        //find and evaluate scripts in response:
                        var scripts = document.getElementById(divId).getElementsByTagName('script');
                        if (null != scripts) {
                        for (var i=0;i<scripts.length;i++) {//not combining script snippets on purpose
                        var srcScript = document.createElement('script');
                        srcScript.text = scripts[i].innerHTML;
                        srcScript.asynch = scripts[i].asynch;
                        srcScript.defer = scripts[i].defer;
                        srcScript.type = scripts[i].type;
                        srcScript.charset = scripts[i].charset;
                        document.head.appendChild( srcScript );
                        document.head.removeChild( srcScript );
                        }
                        }
                        }
                        };
                        request.send(formData);
                        request = null;
                        }
                        };
                        })();
                        </script>
                        
                        <div id="cq_recomm_slot-0ac060d0cd8d51e3cae3b0e3cf">
                        <div class="carousel-large clp--recommendations-carousel">
                        <div class="product-grid-recommendations-wrapper carousel-large">
                        <h3 class="ct-h3">
                        As nossas sugestões
                        </h3>
                        <div class="product-recommendations-carousel productcarousel-container hidden-before-init slick-initialized slick-slider slick-dotted" data-tiles-number="10" data-gtm-vis-recent-on-screen-31116310_229="13691" data-gtm-vis-first-on-screen-31116310_229="13691" data-gtm-vis-total-visible-time-31116310_229="100" data-gtm-vis-has-fired-31116310_229="1"><svg class="svg-inline icon-arrow-left slick-arrow" xmlns="http://www.w3.org/2000/svg" viewBox="0 0 15 26" width="15" height="26" style=""><path fill="#EB0203" fill-rule="evenodd" d="M12.382.308a1.051 1.051 0 0 1 1.487 1.487L2.555 12.99l11.314 11.214c.379.38.408.976.087 1.388l-.087.1a1.048 1.048 0 0 1-1.487 0L.411 13.826l-.1-.087a1.046 1.046 0 0 1-.29-.557l-.005-.017a1.05 1.05 0 0 1 .42-1.037z"></path></svg>
                        
                        
                        
                        
                        
                        
                        
                        
                        
                        
                        <div class="slick-list draggable"><div class="slick-track" style="opacity: 1; width: 5525px; transform: translate3d(-1105px, 0px, 0px);"><div class="pd-tile-wrap slick-slide slick-cloned" data-idx="6" style="height: auto; width: 221px;" data-slick-index="-5" id="" aria-hidden="true" tabindex="-1">
                        
                        <script type="text/javascript">//<!--
                        /* <![CDATA[ */
                        (function(){
                        try {
                            if(window.CQuotient) {
                                var cq_params = {};
                                cq_params.cookieId = window.CQuotient.getCQCookieId();
                                cq_params.userId = window.CQuotient.getCQUserId();
                                cq_params.emailId = CQuotient.getCQHashedEmail();
                                cq_params.loginId = CQuotient.getCQHashedLogin();
                                cq_params.accumulate = true;
                                cq_params.products = [{
                                    id: '7393886',
                                    sku: '',
                                    type: '',
                                    alt_id: ''
                                }];
                                cq_params.recommenderName = 'FOOD-MERCEARIA';
                                cq_params.realm = "BDVS";
                                cq_params.siteId = "continente";
                                cq_params.instanceType = "prd";
                                cq_params.locale = window.CQuotient.locale;
                                cq_params.slotId = 'col-category-product-recommendations';
                                cq_params.slotConfigId = 'FOOD Recommender Mercearia - Einstein';
                                cq_params.slotConfigTemplate = 'slots\/recommendation\/recommendedProductsCLP.isml';
                                if(window.CQuotient.sendActivity)
                                    window.CQuotient.sendActivity( CQuotient.clientId, 'viewReco', cq_params );
                                else
                                    window.CQuotient.activities.push( {activityType: 'viewReco', parameters: cq_params} );
                            }
                        } catch(err) {}
                        })();
                        /* ]]> */
                        // -->
                        </script>
                        <script type="text/javascript">//<!--
                        /* <![CDATA[ (viewProduct-active_data.js) */
                        dw.ac._capture({id: "7393886", type: "recommendation"});
                        /* ]]> */
                        // -->
                        </script>
                        <div class="product" data-pid="7393886">
                        <div class="product-tile pid-7393886   ct-product-tile " data-delay-time="3000" data-variants-mapping="[]" data-in-cart-msg="no carrinho" data-one-product-added="Adicionado ao carrinho" data-remove-from-cart-msg="Removido do carrinho" data-stay-open="6000.0" data-product-tile-impression="{&quot;name&quot;:&quot;7393886&quot;,&quot;id&quot;:&quot;7393886&quot;,&quot;price&quot;:5.59,&quot;brand&quot;:&quot;Estrelitas&quot;,&quot;category&quot;:[{&quot;category_level_1&quot;:&quot;Mercearia&quot;},{&quot;category_level_2&quot;:&quot;Cereais e Barras&quot;},{&quot;category_level_3&quot;:&quot;Cereais Infantis e Juvenis&quot;}],&quot;variant&quot;:&quot;&quot;}">
                        <div class="ct-inner-tile-wrap row no-gutters justify-content-center align-content-start">
                        
                        <div class="ct-image-container col-4 col-sm" data-confirmation-image="{&quot;url&quot;:&quot;https://www.continente.pt/dw/image/v2/BDVS_PRD/on/demandware.static/-/Sites-col-master-catalog/default/dw11b2cb1b/images/col/739/7393886-hero.jpg?sw=87&amp;sh=80&quot;,&quot;fallbackimage&quot;:{&quot;url&quot;:&quot;https://www.continente.pt/dw/image/v2/BDVS_PRD/on/demandware.static/Sites-continente-Site/-/default/dw7c42b4da/images/noimagelarge_product.png?sw=87&amp;sh=80&quot;,&quot;title&quot;:&quot;Cereais Estrelitas Mel&quot;,&quot;alt&quot;:&quot;Cereais Estrelitas Mel&quot;},&quot;title&quot;:&quot;Cereais Estrelitas Mel&quot;,&quot;alt&quot;:&quot;Cereais Estrelitas Mel&quot;}">
                        <a href="https://www.continente.pt/produto/cereais-estrelitas-mel-estrelitas-7393886.html?cgid=home" tabindex="-1">
                        <picture class="intrinsic intrinsic--square">
                        <img class="ct-tile-image lazyloaded" loading="lazy" onerror="this.onerror=null;this.src='/on/demandware.static/Sites-continente-Site/-/default/dw7c42b4da/images/noimagelarge_product.png';" data-src="https://www.continente.pt/dw/image/v2/BDVS_PRD/on/demandware.static/-/Sites-col-master-catalog/default/dw11b2cb1b/images/col/739/7393886-hero.jpg?sw=280&amp;sh=280" alt="Cereais Estrelitas Mel" title="Cereais Estrelitas Mel" src="https://www.continente.pt/dw/image/v2/BDVS_PRD/on/demandware.static/-/Sites-col-master-catalog/default/dw11b2cb1b/images/col/739/7393886-hero.jpg?sw=280&amp;sh=280">
                        </picture>
                        </a>
                        <div class=" ct-product-tile-badge ct-product-tile-badge--general">
                        <img class="img-fluid ct-tooltip-trigger lazyloaded" loading="lazy" data-src="https://www.continente.pt/dw/image/v2/BDVS_PRD/on/demandware.static/-/Sites-continente-Library/default/dw89ce697f/images/badges/general/col/Icon_Pub.png?sw=25&amp;sh=25" alt="Crachá do produto" title="Produto Patrocinado" data-toggle="tooltip" data-placement="right" src="https://www.continente.pt/dw/image/v2/BDVS_PRD/on/demandware.static/-/Sites-continente-Library/default/dw89ce697f/images/badges/general/col/Icon_Pub.png?sw=25&amp;sh=25">
                        </div>
                        <div class="color-swatches d-flex" style="margin-left: 5px;">
                        <div class="swatches d-flex">
                        </div>
                        </div>
                        </div>
                        <div class="ct-tile-body col col-sm-auto ">
                        <div class="ct-pdp-details">
                        <div class="ct-pdp-link">
                        <a class="ct-tile--description" href="https://www.continente.pt/produto/cereais-estrelitas-mel-estrelitas-7393886.html?cgid=home" tabindex="-1">Cereais Estrelitas Mel</a>
                        <div class="ct-tile--favorite-top d-sm-none">
                        <button class="wishlist-toggler guest-mode inactive button button--tertiary" data-pid="7393886" data-add-url="https://www.continente.pt/on/demandware.store/Sites-continente-Site/default/Wishlist-AddProduct?pid=7393886" data-toggle="tooltip" aria-label="Adicionar aos favoritos " data-original-title="Adicionar aos favoritos" data-placement="top" tabindex="-1">
                        <svg class="active-content" width="100%" height="100%" viewBox="0 0 20 22" fill="none" xmlns="http://www.w3.org/2000/svg">
                        <path fill-rule="evenodd" clip-rule="evenodd" d="M0 1.53052C0 0.685236 0.692171 0 1.54601 0H15.0736C15.9274 0 16.6196 0.685235 16.6196 1.53052V13.4064L15.8127 13.922L14.2658 14.2658L12.7189 13.4064L10.6054 14.3818C10.4994 14.2451 10.3327 14.157 10.1452 14.157H6.76329C6.4431 14.157 6.18354 14.414 6.18354 14.731C6.18354 15.0479 6.4431 15.3049 6.76329 15.3049H10.1452C10.2478 15.3049 10.3441 15.2785 10.4277 15.2322L10.3126 16.8439L13.2345 20.2793H1.54601C0.69217 20.2793 0 19.5941 0 18.7488V1.53052ZM6.18354 5.5483C6.18354 5.23132 6.4431 4.97436 6.76329 4.97436H12.3676C12.6878 4.97436 12.9473 5.23132 12.9473 5.5483C12.9473 5.86528 12.6878 6.12224 12.3676 6.12224H6.76329C6.4431 6.12224 6.18354 5.86528 6.18354 5.5483ZM6.76329 11.0961C6.4431 11.0961 6.18354 11.3531 6.18354 11.6701C6.18354 11.987 6.4431 12.244 6.76329 12.244H12.3676C12.6878 12.244 12.9473 11.987 12.9473 11.6701C12.9473 11.3531 12.6878 11.0961 12.3676 11.0961H6.76329ZM6.18354 8.60985C6.18354 8.29287 6.4431 8.03591 6.76329 8.03591H12.3676C12.6878 8.03591 12.9473 8.29287 12.9473 8.60985C12.9473 8.92684 12.6878 9.1838 12.3676 9.1838H6.76329C6.4431 9.1838 6.18354 8.92684 6.18354 8.60985ZM3.67118 5.5483C3.67118 5.23132 3.93075 4.97436 4.25093 4.97436H4.63743C4.95762 4.97436 5.21719 5.23132 5.21719 5.5483C5.21719 5.86528 4.95762 6.12224 4.63743 6.12224H4.25093C3.93075 6.12224 3.67118 5.86528 3.67118 5.5483ZM4.25093 11.0961C3.93075 11.0961 3.67118 11.3531 3.67118 11.6701C3.67118 11.987 3.93075 12.244 4.25093 12.244H4.63743C4.95762 12.244 5.21719 11.987 5.21719 11.6701C5.21719 11.3531 4.95762 11.0961 4.63743 11.0961H4.25093ZM3.67118 8.60985C3.67118 8.29287 3.93075 8.03591 4.25093 8.03591H4.63743C4.95762 8.03591 5.21719 8.29287 5.21719 8.60985C5.21719 8.92684 4.95762 9.1838 4.63743 9.1838H4.25093C3.93075 9.1838 3.67118 8.92684 3.67118 8.60985ZM4.25093 14.157C3.93075 14.157 3.67118 14.414 3.67118 14.731C3.67118 15.0479 3.93075 15.3049 4.25093 15.3049H4.63743C4.95762 15.3049 5.21719 15.0479 5.21719 14.731C5.21719 14.414 4.95762 14.157 4.63743 14.157H4.25093Z" fill="#EB0203"></path>
                        <path fill-rule="evenodd" clip-rule="evenodd" d="M14.6252 13.6363C13.4918 12.6215 11.7817 12.5264 10.6569 13.4792C9.12421 14.7764 9.34841 16.8912 10.4409 18.0122L14.0159 21.6742C14.2197 21.8832 14.4928 22 14.7822 22C15.0737 22 15.3448 21.8852 15.5486 21.6762L19.1236 18.0142C20.214 16.8933 20.4423 14.7785 18.9075 13.4792C17.7827 12.5283 16.0724 12.6217 14.9391 13.6365C14.8855 13.6845 14.8331 13.7345 14.7822 13.7866C14.7313 13.7345 14.6789 13.6843 14.6252 13.6363ZM18.1546 14.3522C19.0973 15.1508 18.9962 16.4896 18.2891 17.2173C18.2888 17.2175 18.2886 17.2177 18.2884 17.218L14.7832 20.8084L11.2753 17.2151C11.2752 17.215 11.2751 17.2149 11.2749 17.2148C10.5677 16.4887 10.4678 15.1495 11.4104 14.3518L11.4108 14.3514C12.0745 13.7892 13.2018 13.82 13.9488 14.5846L14.7822 15.4378L15.6157 14.5846C16.3617 13.8211 17.4896 13.79 18.1545 14.3521" fill="#EB0203"></path>
                        </svg>
                        <svg class="inactive-content" width="100%" height="100%" viewBox="0 0 20 23" fill="none" xmlns="http://www.w3.org/2000/svg">
                        <path fill-rule="evenodd" clip-rule="evenodd" d="M6.18408 5.77914C6.18408 5.46223 6.44363 5.20532 6.7638 5.20532H12.3678C12.6879 5.20532 12.9475 5.46223 12.9475 5.77914C12.9475 6.09606 12.6879 6.35297 12.3678 6.35297H6.7638C6.44363 6.35297 6.18408 6.09606 6.18408 5.77914Z" fill="#EB0203"></path>
                        <path fill-rule="evenodd" clip-rule="evenodd" d="M6.18408 11.9034C6.18408 11.5865 6.44363 11.3296 6.7638 11.3296H12.3678C12.6879 11.3296 12.9475 11.5865 12.9475 11.9034C12.9475 12.2202 12.6879 12.4771 12.3678 12.4771H6.7638C6.44363 12.4771 6.18408 12.2202 6.18408 11.9034Z" fill="#EB0203"></path>
                        <path fill-rule="evenodd" clip-rule="evenodd" d="M6.18408 8.84116C6.18408 8.52424 6.44363 8.26733 6.7638 8.26733H12.3678C12.6879 8.26733 12.9475 8.52424 12.9475 8.84116C12.9475 9.15807 12.6879 9.41498 12.3678 9.41498H6.7638C6.44363 9.41498 6.18408 9.15807 6.18408 8.84116Z" fill="#EB0203"></path>
                        <path fill-rule="evenodd" clip-rule="evenodd" d="M6.18408 14.9655C6.18408 14.6486 6.44363 14.3917 6.7638 14.3917H10.1455C10.4657 14.3917 10.7252 14.6486 10.7252 14.9655C10.7252 15.2825 10.4657 15.5394 10.1455 15.5394H6.7638C6.44363 15.5394 6.18408 15.2825 6.18408 14.9655Z" fill="#EB0203"></path>
                        <path fill-rule="evenodd" clip-rule="evenodd" d="M3.67139 5.77914C3.67139 5.46223 3.93094 5.20532 4.25111 5.20532H4.63759C4.95776 5.20532 5.21731 5.46223 5.21731 5.77914C5.21731 6.09606 4.95776 6.35297 4.63759 6.35297H4.25111C3.93094 6.35297 3.67139 6.09606 3.67139 5.77914Z" fill="#EB0203"></path>
                        <path fill-rule="evenodd" clip-rule="evenodd" d="M3.67139 11.9034C3.67139 11.5865 3.93094 11.3296 4.25111 11.3296H4.63759C4.95776 11.3296 5.21731 11.5865 5.21731 11.9034C5.21731 12.2202 4.95776 12.4771 4.63759 12.4771H4.25111C3.93094 12.4771 3.67139 12.2202 3.67139 11.9034Z" fill="#EB0203"></path>
                        <path fill-rule="evenodd" clip-rule="evenodd" d="M3.67139 8.84116C3.67139 8.52424 3.93094 8.26733 4.25111 8.26733H4.63759C4.95776 8.26733 5.21731 8.52424 5.21731 8.84116C5.21731 9.15807 4.95776 9.41498 4.63759 9.41498H4.25111C3.93094 9.41498 3.67139 9.15807 3.67139 8.84116Z" fill="#EB0203"></path>
                        <path fill-rule="evenodd" clip-rule="evenodd" d="M3.67139 14.9655C3.67139 14.6486 3.93094 14.3917 4.25111 14.3917H4.63759C4.95776 14.3917 5.21731 14.6486 5.21731 14.9655C5.21731 15.2825 4.95776 15.5394 4.63759 15.5394H4.25111C3.93094 15.5394 3.67139 15.2825 3.67139 14.9655Z" fill="#EB0203"></path>
                        <path fill-rule="evenodd" clip-rule="evenodd" d="M0 1.76033C0 0.914738 0.692131 0.229248 1.54592 0.229248H15.0727C15.9265 0.229248 16.6186 0.914738 16.6186 1.76033V11.2818C16.6186 11.5989 16.3591 11.8559 16.0389 11.8559C15.7187 11.8559 15.4592 11.5989 15.4592 11.2818V1.76033C15.4592 1.54893 15.2862 1.37756 15.0727 1.37756H1.54592C1.33247 1.37756 1.15944 1.54893 1.15944 1.76033V18.985C1.15944 19.1964 1.33247 19.3678 1.54592 19.3678H9.27551C9.59568 19.3678 9.85523 19.6249 9.85523 19.942C9.85523 20.2591 9.59568 20.5161 9.27551 20.5161H1.54592C0.692131 20.5161 0 19.8306 0 18.985V1.76033Z" fill="#EB0203"></path>
                        <path fill-rule="evenodd" clip-rule="evenodd" d="M14.6254 13.8718C13.4921 12.8567 11.7821 12.7615 10.6574 13.7147C9.12472 15.0124 9.34891 17.128 10.4413 18.2493L14.0161 21.9126C14.2199 22.1217 14.493 22.2386 14.7824 22.2386C15.0739 22.2386 15.3449 22.1238 15.5487 21.9147L19.1235 18.2514C20.2139 17.13 20.4422 15.0144 18.9075 13.7147C17.7827 12.7634 16.0726 12.8569 14.9392 13.872C14.8856 13.92 14.8333 13.9701 14.7824 14.0222C14.7314 13.97 14.6791 13.9199 14.6254 13.8718ZM18.1546 14.588C19.0972 15.3869 18.9961 16.7262 18.2891 17.4541C18.2888 17.4543 18.2886 17.4546 18.2884 17.4548L14.7834 21.0466L11.2757 17.452C11.2756 17.4519 11.2755 17.4517 11.2753 17.4516C10.5681 16.7252 10.4682 15.3856 11.4108 14.5876L11.4112 14.5872C12.0748 14.0248 13.202 14.0556 13.949 14.8205L14.7824 15.674L15.6158 14.8205C16.3618 14.0567 17.4896 14.0256 18.1545 14.5879" fill="#EB0203"></path>
                        </svg>
                        </button>
                        </div>
                        </div>
                        <p class="ct-tile--brand">Estrelitas</p>
                        <p class="ct-tile--quantity">emb. 750 gr</p>
                        </div>
                        <div class="ct-tile-bottom row no-gutters justify-content-between">
                        <div class="ct-price-wrap col-8 col-sm-12">
                        <div class="price js-product-price">
                        <div class="prices-wrapper">
                        <span class="sales ct-tile--price-primary ">
                        <span class="value" content="5.59">
                        
                        <span class="ct-price-formatted">
                        €5,59
                        </span>
                        <span class="ct-m-unit">
                        /un
                        </span>
                        </span>
                        </span>
                        </div>
                        <div class="ct-tile--price-secondary">
                        <span class="ct-price-value">
                        €7,45
                        </span>
                        <span class="ct-m-unit">
                        /kg
                        </span>
                        </div>
                        </div>
                        </div>
                        <div class="ct-tile-buy-section d-flex justify-content-center no-gutters col-auto col-sm-12">
                        <div class="col-2 d-sm-flex d-none">
                        <button class="wishlist-toggler guest-mode inactive button button--tertiary" data-pid="7393886" data-add-url="https://www.continente.pt/on/demandware.store/Sites-continente-Site/default/Wishlist-AddProduct?pid=7393886" data-toggle="tooltip" aria-label="Adicionar aos favoritos " data-original-title="Adicionar aos favoritos" data-placement="top" tabindex="-1">
                        <svg class="active-content" width="100%" height="100%" viewBox="0 0 20 22" fill="none" xmlns="http://www.w3.org/2000/svg">
                        <path fill-rule="evenodd" clip-rule="evenodd" d="M0 1.53052C0 0.685236 0.692171 0 1.54601 0H15.0736C15.9274 0 16.6196 0.685235 16.6196 1.53052V13.4064L15.8127 13.922L14.2658 14.2658L12.7189 13.4064L10.6054 14.3818C10.4994 14.2451 10.3327 14.157 10.1452 14.157H6.76329C6.4431 14.157 6.18354 14.414 6.18354 14.731C6.18354 15.0479 6.4431 15.3049 6.76329 15.3049H10.1452C10.2478 15.3049 10.3441 15.2785 10.4277 15.2322L10.3126 16.8439L13.2345 20.2793H1.54601C0.69217 20.2793 0 19.5941 0 18.7488V1.53052ZM6.18354 5.5483C6.18354 5.23132 6.4431 4.97436 6.76329 4.97436H12.3676C12.6878 4.97436 12.9473 5.23132 12.9473 5.5483C12.9473 5.86528 12.6878 6.12224 12.3676 6.12224H6.76329C6.4431 6.12224 6.18354 5.86528 6.18354 5.5483ZM6.76329 11.0961C6.4431 11.0961 6.18354 11.3531 6.18354 11.6701C6.18354 11.987 6.4431 12.244 6.76329 12.244H12.3676C12.6878 12.244 12.9473 11.987 12.9473 11.6701C12.9473 11.3531 12.6878 11.0961 12.3676 11.0961H6.76329ZM6.18354 8.60985C6.18354 8.29287 6.4431 8.03591 6.76329 8.03591H12.3676C12.6878 8.03591 12.9473 8.29287 12.9473 8.60985C12.9473 8.92684 12.6878 9.1838 12.3676 9.1838H6.76329C6.4431 9.1838 6.18354 8.92684 6.18354 8.60985ZM3.67118 5.5483C3.67118 5.23132 3.93075 4.97436 4.25093 4.97436H4.63743C4.95762 4.97436 5.21719 5.23132 5.21719 5.5483C5.21719 5.86528 4.95762 6.12224 4.63743 6.12224H4.25093C3.93075 6.12224 3.67118 5.86528 3.67118 5.5483ZM4.25093 11.0961C3.93075 11.0961 3.67118 11.3531 3.67118 11.6701C3.67118 11.987 3.93075 12.244 4.25093 12.244H4.63743C4.95762 12.244 5.21719 11.987 5.21719 11.6701C5.21719 11.3531 4.95762 11.0961 4.63743 11.0961H4.25093ZM3.67118 8.60985C3.67118 8.29287 3.93075 8.03591 4.25093 8.03591H4.63743C4.95762 8.03591 5.21719 8.29287 5.21719 8.60985C5.21719 8.92684 4.95762 9.1838 4.63743 9.1838H4.25093C3.93075 9.1838 3.67118 8.92684 3.67118 8.60985ZM4.25093 14.157C3.93075 14.157 3.67118 14.414 3.67118 14.731C3.67118 15.0479 3.93075 15.3049 4.25093 15.3049H4.63743C4.95762 15.3049 5.21719 15.0479 5.21719 14.731C5.21719 14.414 4.95762 14.157 4.63743 14.157H4.25093Z" fill="#EB0203"></path>
                        <path fill-rule="evenodd" clip-rule="evenodd" d="M14.6252 13.6363C13.4918 12.6215 11.7817 12.5264 10.6569 13.4792C9.12421 14.7764 9.34841 16.8912 10.4409 18.0122L14.0159 21.6742C14.2197 21.8832 14.4928 22 14.7822 22C15.0737 22 15.3448 21.8852 15.5486 21.6762L19.1236 18.0142C20.214 16.8933 20.4423 14.7785 18.9075 13.4792C17.7827 12.5283 16.0724 12.6217 14.9391 13.6365C14.8855 13.6845 14.8331 13.7345 14.7822 13.7866C14.7313 13.7345 14.6789 13.6843 14.6252 13.6363ZM18.1546 14.3522C19.0973 15.1508 18.9962 16.4896 18.2891 17.2173C18.2888 17.2175 18.2886 17.2177 18.2884 17.218L14.7832 20.8084L11.2753 17.2151C11.2752 17.215 11.2751 17.2149 11.2749 17.2148C10.5677 16.4887 10.4678 15.1495 11.4104 14.3518L11.4108 14.3514C12.0745 13.7892 13.2018 13.82 13.9488 14.5846L14.7822 15.4378L15.6157 14.5846C16.3617 13.8211 17.4896 13.79 18.1545 14.3521" fill="#EB0203"></path>
                        </svg>
                        <svg class="inactive-content" width="100%" height="100%" viewBox="0 0 20 23" fill="none" xmlns="http://www.w3.org/2000/svg">
                        <path fill-rule="evenodd" clip-rule="evenodd" d="M6.18408 5.77914C6.18408 5.46223 6.44363 5.20532 6.7638 5.20532H12.3678C12.6879 5.20532 12.9475 5.46223 12.9475 5.77914C12.9475 6.09606 12.6879 6.35297 12.3678 6.35297H6.7638C6.44363 6.35297 6.18408 6.09606 6.18408 5.77914Z" fill="#EB0203"></path>
                        <path fill-rule="evenodd" clip-rule="evenodd" d="M6.18408 11.9034C6.18408 11.5865 6.44363 11.3296 6.7638 11.3296H12.3678C12.6879 11.3296 12.9475 11.5865 12.9475 11.9034C12.9475 12.2202 12.6879 12.4771 12.3678 12.4771H6.7638C6.44363 12.4771 6.18408 12.2202 6.18408 11.9034Z" fill="#EB0203"></path>
                        <path fill-rule="evenodd" clip-rule="evenodd" d="M6.18408 8.84116C6.18408 8.52424 6.44363 8.26733 6.7638 8.26733H12.3678C12.6879 8.26733 12.9475 8.52424 12.9475 8.84116C12.9475 9.15807 12.6879 9.41498 12.3678 9.41498H6.7638C6.44363 9.41498 6.18408 9.15807 6.18408 8.84116Z" fill="#EB0203"></path>
                        <path fill-rule="evenodd" clip-rule="evenodd" d="M6.18408 14.9655C6.18408 14.6486 6.44363 14.3917 6.7638 14.3917H10.1455C10.4657 14.3917 10.7252 14.6486 10.7252 14.9655C10.7252 15.2825 10.4657 15.5394 10.1455 15.5394H6.7638C6.44363 15.5394 6.18408 15.2825 6.18408 14.9655Z" fill="#EB0203"></path>
                        <path fill-rule="evenodd" clip-rule="evenodd" d="M3.67139 5.77914C3.67139 5.46223 3.93094 5.20532 4.25111 5.20532H4.63759C4.95776 5.20532 5.21731 5.46223 5.21731 5.77914C5.21731 6.09606 4.95776 6.35297 4.63759 6.35297H4.25111C3.93094 6.35297 3.67139 6.09606 3.67139 5.77914Z" fill="#EB0203"></path>
                        <path fill-rule="evenodd" clip-rule="evenodd" d="M3.67139 11.9034C3.67139 11.5865 3.93094 11.3296 4.25111 11.3296H4.63759C4.95776 11.3296 5.21731 11.5865 5.21731 11.9034C5.21731 12.2202 4.95776 12.4771 4.63759 12.4771H4.25111C3.93094 12.4771 3.67139 12.2202 3.67139 11.9034Z" fill="#EB0203"></path>
                        <path fill-rule="evenodd" clip-rule="evenodd" d="M3.67139 8.84116C3.67139 8.52424 3.93094 8.26733 4.25111 8.26733H4.63759C4.95776 8.26733 5.21731 8.52424 5.21731 8.84116C5.21731 9.15807 4.95776 9.41498 4.63759 9.41498H4.25111C3.93094 9.41498 3.67139 9.15807 3.67139 8.84116Z" fill="#EB0203"></path>
                        <path fill-rule="evenodd" clip-rule="evenodd" d="M3.67139 14.9655C3.67139 14.6486 3.93094 14.3917 4.25111 14.3917H4.63759C4.95776 14.3917 5.21731 14.6486 5.21731 14.9655C5.21731 15.2825 4.95776 15.5394 4.63759 15.5394H4.25111C3.93094 15.5394 3.67139 15.2825 3.67139 14.9655Z" fill="#EB0203"></path>
                        <path fill-rule="evenodd" clip-rule="evenodd" d="M0 1.76033C0 0.914738 0.692131 0.229248 1.54592 0.229248H15.0727C15.9265 0.229248 16.6186 0.914738 16.6186 1.76033V11.2818C16.6186 11.5989 16.3591 11.8559 16.0389 11.8559C15.7187 11.8559 15.4592 11.5989 15.4592 11.2818V1.76033C15.4592 1.54893 15.2862 1.37756 15.0727 1.37756H1.54592C1.33247 1.37756 1.15944 1.54893 1.15944 1.76033V18.985C1.15944 19.1964 1.33247 19.3678 1.54592 19.3678H9.27551C9.59568 19.3678 9.85523 19.6249 9.85523 19.942C9.85523 20.2591 9.59568 20.5161 9.27551 20.5161H1.54592C0.692131 20.5161 0 19.8306 0 18.985V1.76033Z" fill="#EB0203"></path>
                        <path fill-rule="evenodd" clip-rule="evenodd" d="M14.6254 13.8718C13.4921 12.8567 11.7821 12.7615 10.6574 13.7147C9.12472 15.0124 9.34891 17.128 10.4413 18.2493L14.0161 21.9126C14.2199 22.1217 14.493 22.2386 14.7824 22.2386C15.0739 22.2386 15.3449 22.1238 15.5487 21.9147L19.1235 18.2514C20.2139 17.13 20.4422 15.0144 18.9075 13.7147C17.7827 12.7634 16.0726 12.8569 14.9392 13.872C14.8856 13.92 14.8333 13.9701 14.7824 14.0222C14.7314 13.97 14.6791 13.9199 14.6254 13.8718ZM18.1546 14.588C19.0972 15.3869 18.9961 16.7262 18.2891 17.4541C18.2888 17.4543 18.2886 17.4546 18.2884 17.4548L14.7834 21.0466L11.2757 17.452C11.2756 17.4519 11.2755 17.4517 11.2753 17.4516C10.5681 16.7252 10.4682 15.3856 11.4108 14.5876L11.4112 14.5872C12.0748 14.0248 13.202 14.0556 13.949 14.8205L14.7824 15.674L15.6158 14.8205C16.3618 14.0567 17.4896 14.0256 18.1545 14.5879" fill="#EB0203"></path>
                        </svg>
                        </button>
                        </div>
                        <div class="col-sm-10 col-12">
                        <div class="ct-tile-quantity d-none" data-pid="7393886">
                        <input type="hidden" class="add-to-cart-url" value="https://www.continente.pt/on/demandware.store/Sites-continente-Site/default/Cart-AddProduct" tabindex="-1">
                        <div class="d-none tile-delete-confirmation-btn" data-pid="7393886" data-delay-time="3000" data-in-cart-msg="no carrinho" data-one-product-added="Adicionado ao carrinho" data-remove-from-cart-msg="Removido do carrinho" data-stay-open="6000.0" data-confirmation-image="{&quot;url&quot;:&quot;https://www.continente.pt/dw/image/v2/BDVS_PRD/on/demandware.static/-/Sites-col-master-catalog/default/dw11b2cb1b/images/col/739/7393886-hero.jpg?sw=87&amp;sh=80&quot;,&quot;fallbackimage&quot;:{&quot;url&quot;:&quot;https://www.continente.pt/dw/image/v2/BDVS_PRD/on/demandware.static/Sites-continente-Site/-/default/dw7c42b4da/images/noimagelarge_product.png?sw=87&amp;sh=80&quot;,&quot;title&quot;:&quot;Cereais Estrelitas Mel&quot;,&quot;alt&quot;:&quot;Cereais Estrelitas Mel&quot;},&quot;title&quot;:&quot;Cereais Estrelitas Mel&quot;,&quot;alt&quot;:&quot;Cereais Estrelitas Mel&quot;}"></div>
                        <div class="ct-tile-quantity-update quantity-update product-qty-vue" data-remove-action="https://www.continente.pt/on/demandware.store/Sites-continente-Site/default/Cart-RemoveProductLineItem" data-action="https://www.continente.pt/on/demandware.store/Sites-continente-Site/default/Cart-UpdateQuantity" data-dimension-update="https://www.continente.pt/on/demandware.store/Sites-continente-Site/default/Cart-DimensionUpdate" data-pid="7393886" data-uuid="091cc0287b3408d67146a59a46" data-add-delay="500.0" data-measure-options="{&quot;hasConversionRate&quot;:false,&quot;hasAlternativeSaleUnit&quot;:false,&quot;unitConversionRate&quot;:0,&quot;minOrderQuantity&quot;:1,&quot;stepQuantity&quot;:1,&quot;primaryunit&quot;:&quot;un&quot;,&quot;secondaryunit&quot;:&quot;kg&quot;,&quot;selectedunit&quot;:&quot;primary&quot;,&quot;maxNumberOfUnitsPerSale&quot;:50}" data-price-available="null" :data-has-error="isMaxQtyReached || isMinQtyReached || qtySelectedMoreThanOne">
                        <template v-show="prodUnits">
                        <div class="quantity-input-wrapper has-units">
                        <label class="visually-hidden" :for="'quantity-' + pid + additionalTag">
                        Quantidade no carrinho
                        </label>
                        <input :ref="'quantityInput-' + pid + additionalTag" class="add-to-cart-quantity form-control ct-form-input text-center" inputmode="numeric" :class="{'is-invalid': isInvalid}" :data-pid="pid + additionalTag" :name="'quantity-' + pid + additionalTag" type="text" aria-label="Insira a quantidade" title="" v-model="displayValue" @change="updateQuantity" @focus="updateQtyFormat" @blur="restoreQtyFormat" :disabled="!isPriceAvailable">
                        <span class="quantity-icon quantity-icon--minus">
                        <button class="decrease-quantity-btn" @click="updateQuantity" :disabled="!isPriceAvailable" role="button" aria-label="Reduzir quantidade">
                        <i class="css-math-minus"></i>
                        </button>
                        </span>
                        <span class="quantity-icon quantity-icon--plus">
                        <button class="increase-quantity-btn" @click="updateQuantity" :disabled="isMaxQtyReached || !isPriceAvailable" role="button" aria-label="Aumentar quantidade">
                        <i class="css-math-plus"></i>
                        </button>
                        <span class="quantity-btn-disabled-placeholder"></span>
                        </span>
                        <template v-if="isPDP">
                        <span class="quantity-error ct-span-error text-sm-center product-max-allocation" v-if="isMaxQtyReached">
                        Quantidade máxima atingida
                        </span>
                        <span class="quantity-error ct-span-product text-sm-center product-allocation" v-if="!isMinQtyReached &amp;&amp; !isMaxQtyReached">
                        {{quantitySelected}} no carrinho
                        </span>
                        <span class="quantity-error ct-span-error text-sm-center product-min-allocation" :data-pid="pid" v-if="isMinQtyReached &amp;&amp; !isMaxQtyReached">
                        Quantidade mínima atingida
                        </span>
                        </template>
                        </div>
                        <template v-if="showNotes">
                        <div class="add-note-link-container ">
                        <div class="add-note">
                        <a href="/produto/cereais-estrelitas-mel-estrelitas-7393886.html?showNote=true" class="ct-add-note-redirect-pdp" aria-label="Adicionar comentário">
                        <span class="svg-wrapper svg-icon-notes" style="width:19px; height:20px">
                        <svg class="svg-inline icon-notes" viewBox="0 0 28 30" xmlns="http://www.w3.org/2000/svg" width="100%" height="100%"><path d="M21.738 0C22.985 0 24 1.04 24 2.319V12.47c0 .469-.37.848-.828.848-.457 0-.827-.38-.827-.848V2.32c0-.343-.273-.622-.607-.622H2.262c-.334 0-.607.279-.607.622V27.68c0 .343.273.622.607.622h7.81c.457 0 .827.38.827.849 0 .468-.37.848-.827.848h-7.81C1.015 30 0 28.96 0 27.681V2.32C0 1.04 1.015 0 2.262 0h19.476zm2.844 16.004l.227.007c.823.053 1.589.39 2.176.964.64.627.993 1.46.993 2.349 0 .888-.353 1.722-.993 2.348l-6.83 6.665c-.11.108-.247.186-.397.226l-5.032 1.363c-.078.021-.16.032-.241.032-.242 0-.478-.097-.647-.266-.23-.231-.314-.566-.218-.874l1.49-4.798c.044-.139.122-.266.227-.369l6.844-6.677c.64-.625 1.493-.97 2.401-.97zm-2.886 3.94l-4.922 4.802-.947 3.048 3.22-.872 4.897-4.78-2.248-2.197zm2.887-2.174c-.425 0-.824.162-1.124.455l-.484.472 2.248 2.197.484-.472c.62-.606.62-1.591 0-2.197l-.117-.104c-.283-.227-.636-.35-1.007-.35zm-10.839.022c.498 0 .904.396.904.883 0 .488-.406.884-.904.884H5.946c-.499 0-.904-.396-.904-.884 0-.487.405-.883.904-.883zm5.042-4.876c.498 0 .904.397.904.884s-.406.884-.904.884H5.946c-.499 0-.904-.397-.904-.884s.405-.884.904-.884zm0-4.875c.498 0 .904.396.904.884 0 .487-.406.883-.904.883H5.946c-.499 0-.904-.396-.904-.883 0-.488.405-.884.904-.884z" fill="#EB0203" fill-rule="evenodd"></path></svg>
                        </span>
                        <div class="available-note d-none"></div>
                        </a>
                        </div>
                        </div>
                        </template>
                        <div class="measurement-unit-section" v-if="isPriceAvailable &amp;&amp; prodUnits ? prodUnits.hasAlternativeUnit : false">
                        <div class="ct-form-radio" @click="setDimension">
                        <input type="radio" title="" class="ct-form-check-input product-measurement-unit" :data-type="prodUnits.selectedUnit == prodUnits.secondaryUnit ? 'primary' : ''" :id="prodUnits.secondaryUnit + '-' + pid + '-measurement-unit-ptile' + additionalTag" :name="'measurement-unit-' + pid + '-ptile' + additionalTag" :value="prodUnits.secondaryUnit" v-model="prodUnits.selectedUnit">
                        <label :class="prodUnits.secondaryUnit + '-label ct-form-check-label mb-0'" :for="prodUnits.secondaryUnit + '-' + pid + '-measurement-unit-ptile' + additionalTag">
                        {{prodUnits.secondaryUnit}}
                        </label>
                        <span class="checkmark"></span>
                        </div>
                        <div class="ct-form-radio" @click="setDimension">
                        <input type="radio" title="" class="ct-form-check-input product-measurement-unit" :data-type="prodUnits.selectedUnit == prodUnits.primaryUnit ? 'primary' : ''" :id="prodUnits.primaryUnit + '-' + pid + '-measurement-unit-ptile' + additionalTag" :name="'measurement-unit-' + pid + '-ptile' + additionalTag" :value="prodUnits.primaryUnit" v-model="prodUnits.selectedUnit">
                        <label :class="prodUnits.primaryUnit + '-label ct-form-check-label mb-0'" :for="prodUnits.primaryUnit + '-' + pid + '-measurement-unit-ptile' + additionalTag">
                        {{prodUnits.primaryUnit}}
                        </label>
                        <span class="checkmark"></span>
                        </div>
                        </div>
                        <template v-if="!isPDP &amp;&amp; isPriceAvailable">
                        <span class="quantity-error ct-span-error product-max-allocation" v-if="isMaxQtyReached">
                        Quantidade máxima atingida
                        </span>
                        <span class="quantity-error ct-span-product product-allocation" v-if="!isMinQtyReached &amp;&amp; !isMaxQtyReached">
                        {{quantitySelected}} no carrinho
                        </span>
                        <span class="quantity-error ct-span-error product-min-allocation" :data-pid="pid" v-if="isMinQtyReached &amp;&amp; !isMaxQtyReached">
                        Quantidade mínima atingida
                        </span>
                        </template>
                        </template>
                        </div>
                        <input class="quantity-value-mask d-none" name="quantity" type="number" min="0" value="" tabindex="-1">
                        </div>
                        <button type="button" class="add-to-cart button js-add-to-cart js-add-to-cart-tile 7393886 button--primary dynamic-layout-btn" data-toggle="modal" data-target="#chooseBonusProductModal" data-pid="7393886" data-quantity-value="null" aria-label="Carrinho" tabindex="-1">
                        <span class="d-block d-sm-none">
                        <span class="svg-wrapper svg-icon-cart" style="width:20px; height:20px">
                        <svg class="svg-inline icon-cart" xmlns="http://www.w3.org/2000/svg" viewBox="0 0 500 500" width="100%" height="100%"><path fill="#EB0203" fill-rule="evenodd" d="M 485.67317,94.386311 C 476.37798,83.847129 463.09468,78.03348 448.30404,78.03348 H 90.690813 L 87.079511,51.327997 C 83.185582,22.539551 62.962285,0 41.011841,0 H 14.727836 C 6.563151,0 0,6.5286975 0,14.580758 c 0,8.05206 6.5945535,14.580758 14.727836,14.580758 h 26.284005 c 4.710398,0 14.696435,9.855222 16.894619,26.021523 L 100.01739,368.0631 c 1.88416,13.77244 9.01256,26.70549 20.1605,36.37417 8.25889,7.15046 18.02511,11.9071 28.26237,13.89679 -4.17655,7.58572 -6.53175,16.25957 -6.53175,25.493 0,29.53459 24.27424,53.59751 54.13815,53.59751 29.8325,0 54.13814,-24.03184 54.13814,-53.59751 0,-8.79818 -2.19818,-17.09897 -5.9979,-24.43598 h 77.12488 c -3.79973,7.33701 -5.96652,15.6378 -5.96652,24.43598 0,29.53459 24.27424,53.59751 54.13817,53.59751 29.83249,0 54.13814,-24.03184 54.13814,-53.59751 0,-8.79818 -2.1982,-17.09897 -5.9979,-24.43598 h 38.56243 c 8.13328,0 14.72783,-6.5287 14.72783,-14.61183 0,-8.02098 -6.59455,-14.54967 -14.72783,-14.54967 H 159.24277 c -14.38241,0 -28.13677,-11.90711 -30.02092,-26.02153 l -3.07746,-22.88154 h 290.6314 c 14.03698,0 27.94834,-5.28513 39.06488,-14.95381 11.11652,-9.6376 18.27632,-22.57065 20.16048,-36.37417 l 21.10259,-156.78201 c 1.94694,-14.51858 -2.10398,-28.29103 -11.43057,-38.861299 z M 220.76053,443.82706 c 0,13.49265 -11.08513,24.46709 -24.68247,24.46709 -13.62874,0 -24.71387,-10.97444 -24.71387,-24.46709 0,-13.49262 11.08513,-24.43598 24.71387,-24.43598 13.59734,0 24.68247,10.94336 24.68247,24.43598 z m 173.43675,0 c 0,13.49265 -11.08512,24.46709 -24.68245,24.46709 -13.62876,0 -24.71388,-10.97444 -24.71388,-24.46709 0,-13.49262 11.08512,-24.43598 24.71388,-24.43598 13.59733,0 24.68245,10.94336 24.68245,24.43598 z m 73.7648,-314.46558 -21.13397,156.782 c -1.88416,14.11442 -15.63851,26.05261 -30.02091,26.05261 H 122.25046 L 94.616142,107.19499 H 448.33544 c 6.18632,0 11.61896,2.2695 15.23028,6.37326 3.64269,4.13484 5.21283,9.73086 4.39636,15.79323 z"></path></svg>
                        </span>
                        </span>
                        <span class="add-to-cart--text d-none d-sm-block">Carrinho</span>
                        </button>
                        </div>
                        </div>
                        </div>
                        </div>
                        
                        <div class="col-12 d-sm-none">
                        </div>
                        </div>
                        </div>
                        </div>
                        </div><div class="pd-tile-wrap slick-slide slick-cloned" data-idx="7" style="height: auto; width: 221px;" data-slick-index="-4" id="" aria-hidden="true" tabindex="-1">
                        
                        <script type="text/javascript">//<!--
                        /* <![CDATA[ */
                        (function(){
                        try {
                            if(window.CQuotient) {
                                var cq_params = {};
                                cq_params.cookieId = window.CQuotient.getCQCookieId();
                                cq_params.userId = window.CQuotient.getCQUserId();
                                cq_params.emailId = CQuotient.getCQHashedEmail();
                                cq_params.loginId = CQuotient.getCQHashedLogin();
                                cq_params.accumulate = true;
                                cq_params.products = [{
                                    id: '2308516',
                                    sku: '',
                                    type: '',
                                    alt_id: ''
                                }];
                                cq_params.recommenderName = 'FOOD-MERCEARIA';
                                cq_params.realm = "BDVS";
                                cq_params.siteId = "continente";
                                cq_params.instanceType = "prd";
                                cq_params.locale = window.CQuotient.locale;
                                cq_params.slotId = 'col-category-product-recommendations';
                                cq_params.slotConfigId = 'FOOD Recommender Mercearia - Einstein';
                                cq_params.slotConfigTemplate = 'slots\/recommendation\/recommendedProductsCLP.isml';
                                if(window.CQuotient.sendActivity)
                                    window.CQuotient.sendActivity( CQuotient.clientId, 'viewReco', cq_params );
                                else
                                    window.CQuotient.activities.push( {activityType: 'viewReco', parameters: cq_params} );
                            }
                        } catch(err) {}
                        })();
                        /* ]]> */
                        // -->
                        </script>
                        <script type="text/javascript">//<!--
                        /* <![CDATA[ (viewProduct-active_data.js) */
                        dw.ac._capture({id: "2308516", type: "recommendation"});
                        /* ]]> */
                        // -->
                        </script>
                        <div class="product" data-pid="2308516">
                        <div class="product-tile pid-2308516   ct-product-tile " data-delay-time="3000" data-variants-mapping="[]" data-in-cart-msg="no carrinho" data-one-product-added="Adicionado ao carrinho" data-remove-from-cart-msg="Removido do carrinho" data-stay-open="6000.0" data-product-tile-impression="{&quot;name&quot;:&quot;2308516&quot;,&quot;id&quot;:&quot;2308516&quot;,&quot;price&quot;:4.09,&quot;brand&quot;:&quot;Kelloggs&quot;,&quot;category&quot;:[{&quot;category_level_1&quot;:&quot;Mercearia&quot;},{&quot;category_level_2&quot;:&quot;Cereais e Barras&quot;},{&quot;category_level_3&quot;:&quot;Cereais Linha e Fibra&quot;}],&quot;variant&quot;:&quot;&quot;}">
                        <div class="ct-inner-tile-wrap row no-gutters justify-content-center align-content-start">
                        <div class="ct-product-tile-badge ct-product-tile-badge--promotional">
                        <img class="img-fluid lazyloaded" loading="lazy" data-src="https://www.continente.pt/dw/image/v2/BDVS_PRD/on/demandware.static/-/Sites-continente-Library/default/dwf5980f2e/images/badges/pvpr/col/pvpr.png?sw=60&amp;sh=42" alt="PVP Recomendado: €6,35/un" title="PVP Recomendado: €6,35/un" src="https://www.continente.pt/dw/image/v2/BDVS_PRD/on/demandware.static/-/Sites-continente-Library/default/dwf5980f2e/images/badges/pvpr/col/pvpr.png?sw=60&amp;sh=42">
                        <div class="ct-product-tile-badge-value-wrapper ct-product-tile-badge-value-wrapper--pvpr  ">
                        <span class="ct-product-tile-badge-value--pvpr">
                        35
                        </span>
                        <span class="ct-product-tile-badge-value--pvpr-quantifier ">
                        %
                        </span>
                        </div>
                        </div>
                        
                        <div class="ct-image-container col-4 col-sm" data-confirmation-image="{&quot;url&quot;:&quot;https://www.continente.pt/dw/image/v2/BDVS_PRD/on/demandware.static/-/Sites-col-master-catalog/default/dw3a47a1ad/images/col/230/2308516-direito.jpg?sw=87&amp;sh=80&quot;,&quot;fallbackimage&quot;:{&quot;url&quot;:&quot;https://www.continente.pt/dw/image/v2/BDVS_PRD/on/demandware.static/Sites-continente-Site/-/default/dw7c42b4da/images/noimagelarge_product.png?sw=87&amp;sh=80&quot;,&quot;title&quot;:&quot;Cereais Special K&quot;,&quot;alt&quot;:&quot;Cereais Special K&quot;},&quot;title&quot;:&quot;Cereais Special K&quot;,&quot;alt&quot;:&quot;Cereais Special K&quot;}">
                        <a href="https://www.continente.pt/produto/cereais-special-k-kelloggs-2308516.html?cgid=home" tabindex="-1">
                        <picture class="intrinsic intrinsic--square">
                        <img class="ct-tile-image lazyloaded" loading="lazy" onerror="this.onerror=null;this.src='/on/demandware.static/Sites-continente-Site/-/default/dw7c42b4da/images/noimagelarge_product.png';" data-src="https://www.continente.pt/dw/image/v2/BDVS_PRD/on/demandware.static/-/Sites-col-master-catalog/default/dw3a47a1ad/images/col/230/2308516-direito.jpg?sw=280&amp;sh=280" alt="Cereais Special K" title="Cereais Special K" src="https://www.continente.pt/dw/image/v2/BDVS_PRD/on/demandware.static/-/Sites-col-master-catalog/default/dw3a47a1ad/images/col/230/2308516-direito.jpg?sw=280&amp;sh=280">
                        </picture>
                        </a>
                        <div class="color-swatches d-flex" style="margin-left: 5px;">
                        <div class="swatches d-flex">
                        </div>
                        </div>
                        </div>
                        <div class="ct-tile-body col col-sm-auto ">
                        <div class="ct-pdp-details">
                        <div class="ct-pdp-link">
                        <a class="ct-tile--description" href="https://www.continente.pt/produto/cereais-special-k-kelloggs-2308516.html?cgid=home" tabindex="-1">Cereais Special K</a>
                        <div class="ct-tile--favorite-top d-sm-none">
                        <button class="wishlist-toggler guest-mode inactive button button--tertiary" data-pid="2308516" data-add-url="https://www.continente.pt/on/demandware.store/Sites-continente-Site/default/Wishlist-AddProduct?pid=2308516" data-toggle="tooltip" aria-label="Adicionar aos favoritos " data-original-title="Adicionar aos favoritos" data-placement="top" tabindex="-1">
                        <svg class="active-content" width="100%" height="100%" viewBox="0 0 20 22" fill="none" xmlns="http://www.w3.org/2000/svg">
                        <path fill-rule="evenodd" clip-rule="evenodd" d="M0 1.53052C0 0.685236 0.692171 0 1.54601 0H15.0736C15.9274 0 16.6196 0.685235 16.6196 1.53052V13.4064L15.8127 13.922L14.2658 14.2658L12.7189 13.4064L10.6054 14.3818C10.4994 14.2451 10.3327 14.157 10.1452 14.157H6.76329C6.4431 14.157 6.18354 14.414 6.18354 14.731C6.18354 15.0479 6.4431 15.3049 6.76329 15.3049H10.1452C10.2478 15.3049 10.3441 15.2785 10.4277 15.2322L10.3126 16.8439L13.2345 20.2793H1.54601C0.69217 20.2793 0 19.5941 0 18.7488V1.53052ZM6.18354 5.5483C6.18354 5.23132 6.4431 4.97436 6.76329 4.97436H12.3676C12.6878 4.97436 12.9473 5.23132 12.9473 5.5483C12.9473 5.86528 12.6878 6.12224 12.3676 6.12224H6.76329C6.4431 6.12224 6.18354 5.86528 6.18354 5.5483ZM6.76329 11.0961C6.4431 11.0961 6.18354 11.3531 6.18354 11.6701C6.18354 11.987 6.4431 12.244 6.76329 12.244H12.3676C12.6878 12.244 12.9473 11.987 12.9473 11.6701C12.9473 11.3531 12.6878 11.0961 12.3676 11.0961H6.76329ZM6.18354 8.60985C6.18354 8.29287 6.4431 8.03591 6.76329 8.03591H12.3676C12.6878 8.03591 12.9473 8.29287 12.9473 8.60985C12.9473 8.92684 12.6878 9.1838 12.3676 9.1838H6.76329C6.4431 9.1838 6.18354 8.92684 6.18354 8.60985ZM3.67118 5.5483C3.67118 5.23132 3.93075 4.97436 4.25093 4.97436H4.63743C4.95762 4.97436 5.21719 5.23132 5.21719 5.5483C5.21719 5.86528 4.95762 6.12224 4.63743 6.12224H4.25093C3.93075 6.12224 3.67118 5.86528 3.67118 5.5483ZM4.25093 11.0961C3.93075 11.0961 3.67118 11.3531 3.67118 11.6701C3.67118 11.987 3.93075 12.244 4.25093 12.244H4.63743C4.95762 12.244 5.21719 11.987 5.21719 11.6701C5.21719 11.3531 4.95762 11.0961 4.63743 11.0961H4.25093ZM3.67118 8.60985C3.67118 8.29287 3.93075 8.03591 4.25093 8.03591H4.63743C4.95762 8.03591 5.21719 8.29287 5.21719 8.60985C5.21719 8.92684 4.95762 9.1838 4.63743 9.1838H4.25093C3.93075 9.1838 3.67118 8.92684 3.67118 8.60985ZM4.25093 14.157C3.93075 14.157 3.67118 14.414 3.67118 14.731C3.67118 15.0479 3.93075 15.3049 4.25093 15.3049H4.63743C4.95762 15.3049 5.21719 15.0479 5.21719 14.731C5.21719 14.414 4.95762 14.157 4.63743 14.157H4.25093Z" fill="#EB0203"></path>
                        <path fill-rule="evenodd" clip-rule="evenodd" d="M14.6252 13.6363C13.4918 12.6215 11.7817 12.5264 10.6569 13.4792C9.12421 14.7764 9.34841 16.8912 10.4409 18.0122L14.0159 21.6742C14.2197 21.8832 14.4928 22 14.7822 22C15.0737 22 15.3448 21.8852 15.5486 21.6762L19.1236 18.0142C20.214 16.8933 20.4423 14.7785 18.9075 13.4792C17.7827 12.5283 16.0724 12.6217 14.9391 13.6365C14.8855 13.6845 14.8331 13.7345 14.7822 13.7866C14.7313 13.7345 14.6789 13.6843 14.6252 13.6363ZM18.1546 14.3522C19.0973 15.1508 18.9962 16.4896 18.2891 17.2173C18.2888 17.2175 18.2886 17.2177 18.2884 17.218L14.7832 20.8084L11.2753 17.2151C11.2752 17.215 11.2751 17.2149 11.2749 17.2148C10.5677 16.4887 10.4678 15.1495 11.4104 14.3518L11.4108 14.3514C12.0745 13.7892 13.2018 13.82 13.9488 14.5846L14.7822 15.4378L15.6157 14.5846C16.3617 13.8211 17.4896 13.79 18.1545 14.3521" fill="#EB0203"></path>
                        </svg>
                        <svg class="inactive-content" width="100%" height="100%" viewBox="0 0 20 23" fill="none" xmlns="http://www.w3.org/2000/svg">
                        <path fill-rule="evenodd" clip-rule="evenodd" d="M6.18408 5.77914C6.18408 5.46223 6.44363 5.20532 6.7638 5.20532H12.3678C12.6879 5.20532 12.9475 5.46223 12.9475 5.77914C12.9475 6.09606 12.6879 6.35297 12.3678 6.35297H6.7638C6.44363 6.35297 6.18408 6.09606 6.18408 5.77914Z" fill="#EB0203"></path>
                        <path fill-rule="evenodd" clip-rule="evenodd" d="M6.18408 11.9034C6.18408 11.5865 6.44363 11.3296 6.7638 11.3296H12.3678C12.6879 11.3296 12.9475 11.5865 12.9475 11.9034C12.9475 12.2202 12.6879 12.4771 12.3678 12.4771H6.7638C6.44363 12.4771 6.18408 12.2202 6.18408 11.9034Z" fill="#EB0203"></path>
                        <path fill-rule="evenodd" clip-rule="evenodd" d="M6.18408 8.84116C6.18408 8.52424 6.44363 8.26733 6.7638 8.26733H12.3678C12.6879 8.26733 12.9475 8.52424 12.9475 8.84116C12.9475 9.15807 12.6879 9.41498 12.3678 9.41498H6.7638C6.44363 9.41498 6.18408 9.15807 6.18408 8.84116Z" fill="#EB0203"></path>
                        <path fill-rule="evenodd" clip-rule="evenodd" d="M6.18408 14.9655C6.18408 14.6486 6.44363 14.3917 6.7638 14.3917H10.1455C10.4657 14.3917 10.7252 14.6486 10.7252 14.9655C10.7252 15.2825 10.4657 15.5394 10.1455 15.5394H6.7638C6.44363 15.5394 6.18408 15.2825 6.18408 14.9655Z" fill="#EB0203"></path>
                        <path fill-rule="evenodd" clip-rule="evenodd" d="M3.67139 5.77914C3.67139 5.46223 3.93094 5.20532 4.25111 5.20532H4.63759C4.95776 5.20532 5.21731 5.46223 5.21731 5.77914C5.21731 6.09606 4.95776 6.35297 4.63759 6.35297H4.25111C3.93094 6.35297 3.67139 6.09606 3.67139 5.77914Z" fill="#EB0203"></path>
                        <path fill-rule="evenodd" clip-rule="evenodd" d="M3.67139 11.9034C3.67139 11.5865 3.93094 11.3296 4.25111 11.3296H4.63759C4.95776 11.3296 5.21731 11.5865 5.21731 11.9034C5.21731 12.2202 4.95776 12.4771 4.63759 12.4771H4.25111C3.93094 12.4771 3.67139 12.2202 3.67139 11.9034Z" fill="#EB0203"></path>
                        <path fill-rule="evenodd" clip-rule="evenodd" d="M3.67139 8.84116C3.67139 8.52424 3.93094 8.26733 4.25111 8.26733H4.63759C4.95776 8.26733 5.21731 8.52424 5.21731 8.84116C5.21731 9.15807 4.95776 9.41498 4.63759 9.41498H4.25111C3.93094 9.41498 3.67139 9.15807 3.67139 8.84116Z" fill="#EB0203"></path>
                        <path fill-rule="evenodd" clip-rule="evenodd" d="M3.67139 14.9655C3.67139 14.6486 3.93094 14.3917 4.25111 14.3917H4.63759C4.95776 14.3917 5.21731 14.6486 5.21731 14.9655C5.21731 15.2825 4.95776 15.5394 4.63759 15.5394H4.25111C3.93094 15.5394 3.67139 15.2825 3.67139 14.9655Z" fill="#EB0203"></path>
                        <path fill-rule="evenodd" clip-rule="evenodd" d="M0 1.76033C0 0.914738 0.692131 0.229248 1.54592 0.229248H15.0727C15.9265 0.229248 16.6186 0.914738 16.6186 1.76033V11.2818C16.6186 11.5989 16.3591 11.8559 16.0389 11.8559C15.7187 11.8559 15.4592 11.5989 15.4592 11.2818V1.76033C15.4592 1.54893 15.2862 1.37756 15.0727 1.37756H1.54592C1.33247 1.37756 1.15944 1.54893 1.15944 1.76033V18.985C1.15944 19.1964 1.33247 19.3678 1.54592 19.3678H9.27551C9.59568 19.3678 9.85523 19.6249 9.85523 19.942C9.85523 20.2591 9.59568 20.5161 9.27551 20.5161H1.54592C0.692131 20.5161 0 19.8306 0 18.985V1.76033Z" fill="#EB0203"></path>
                        <path fill-rule="evenodd" clip-rule="evenodd" d="M14.6254 13.8718C13.4921 12.8567 11.7821 12.7615 10.6574 13.7147C9.12472 15.0124 9.34891 17.128 10.4413 18.2493L14.0161 21.9126C14.2199 22.1217 14.493 22.2386 14.7824 22.2386C15.0739 22.2386 15.3449 22.1238 15.5487 21.9147L19.1235 18.2514C20.2139 17.13 20.4422 15.0144 18.9075 13.7147C17.7827 12.7634 16.0726 12.8569 14.9392 13.872C14.8856 13.92 14.8333 13.9701 14.7824 14.0222C14.7314 13.97 14.6791 13.9199 14.6254 13.8718ZM18.1546 14.588C19.0972 15.3869 18.9961 16.7262 18.2891 17.4541C18.2888 17.4543 18.2886 17.4546 18.2884 17.4548L14.7834 21.0466L11.2757 17.452C11.2756 17.4519 11.2755 17.4517 11.2753 17.4516C10.5681 16.7252 10.4682 15.3856 11.4108 14.5876L11.4112 14.5872C12.0748 14.0248 13.202 14.0556 13.949 14.8205L14.7824 15.674L15.6158 14.8205C16.3618 14.0567 17.4896 14.0256 18.1545 14.5879" fill="#EB0203"></path>
                        </svg>
                        </button>
                        </div>
                        </div>
                        <p class="ct-tile--brand">Kellogg's</p>
                        <p class="ct-tile--quantity">emb. 750 gr</p>
                        </div>
                        <div class="ct-tile-bottom row no-gutters justify-content-between">
                        <div class="ct-price-wrap col-8 col-sm-12">
                        <div class="price js-product-price">
                        <div class="prices-wrapper">
                        <span class="sales ct-tile--price-primary ">
                        <span class="value" content="4.09">
                        <span class="ct-price-formatted">
                        €4,09
                        </span>
                        <span class="ct-m-unit">
                        /un
                        </span>
                        </span>
                        </span>
                        </div>
                        <div class="ct-tile--price-secondary">
                        <span class="ct-price-value">
                        €5,45
                        </span>
                        <span class="ct-m-unit">
                        /kg
                        </span>
                        </div>
                        <p class="ct-discount-amount ct-discount-amount-pvpr">PVP Recomendado: €6,35/un</p>
                        </div>
                        </div>
                        <div class="ct-tile-buy-section d-flex justify-content-center no-gutters col-auto col-sm-12">
                        <div class="col-2 d-sm-flex d-none">
                        <button class="wishlist-toggler guest-mode inactive button button--tertiary" data-pid="2308516" data-add-url="https://www.continente.pt/on/demandware.store/Sites-continente-Site/default/Wishlist-AddProduct?pid=2308516" data-toggle="tooltip" aria-label="Adicionar aos favoritos " data-original-title="Adicionar aos favoritos" data-placement="top" tabindex="-1">
                        <svg class="active-content" width="100%" height="100%" viewBox="0 0 20 22" fill="none" xmlns="http://www.w3.org/2000/svg">
                        <path fill-rule="evenodd" clip-rule="evenodd" d="M0 1.53052C0 0.685236 0.692171 0 1.54601 0H15.0736C15.9274 0 16.6196 0.685235 16.6196 1.53052V13.4064L15.8127 13.922L14.2658 14.2658L12.7189 13.4064L10.6054 14.3818C10.4994 14.2451 10.3327 14.157 10.1452 14.157H6.76329C6.4431 14.157 6.18354 14.414 6.18354 14.731C6.18354 15.0479 6.4431 15.3049 6.76329 15.3049H10.1452C10.2478 15.3049 10.3441 15.2785 10.4277 15.2322L10.3126 16.8439L13.2345 20.2793H1.54601C0.69217 20.2793 0 19.5941 0 18.7488V1.53052ZM6.18354 5.5483C6.18354 5.23132 6.4431 4.97436 6.76329 4.97436H12.3676C12.6878 4.97436 12.9473 5.23132 12.9473 5.5483C12.9473 5.86528 12.6878 6.12224 12.3676 6.12224H6.76329C6.4431 6.12224 6.18354 5.86528 6.18354 5.5483ZM6.76329 11.0961C6.4431 11.0961 6.18354 11.3531 6.18354 11.6701C6.18354 11.987 6.4431 12.244 6.76329 12.244H12.3676C12.6878 12.244 12.9473 11.987 12.9473 11.6701C12.9473 11.3531 12.6878 11.0961 12.3676 11.0961H6.76329ZM6.18354 8.60985C6.18354 8.29287 6.4431 8.03591 6.76329 8.03591H12.3676C12.6878 8.03591 12.9473 8.29287 12.9473 8.60985C12.9473 8.92684 12.6878 9.1838 12.3676 9.1838H6.76329C6.4431 9.1838 6.18354 8.92684 6.18354 8.60985ZM3.67118 5.5483C3.67118 5.23132 3.93075 4.97436 4.25093 4.97436H4.63743C4.95762 4.97436 5.21719 5.23132 5.21719 5.5483C5.21719 5.86528 4.95762 6.12224 4.63743 6.12224H4.25093C3.93075 6.12224 3.67118 5.86528 3.67118 5.5483ZM4.25093 11.0961C3.93075 11.0961 3.67118 11.3531 3.67118 11.6701C3.67118 11.987 3.93075 12.244 4.25093 12.244H4.63743C4.95762 12.244 5.21719 11.987 5.21719 11.6701C5.21719 11.3531 4.95762 11.0961 4.63743 11.0961H4.25093ZM3.67118 8.60985C3.67118 8.29287 3.93075 8.03591 4.25093 8.03591H4.63743C4.95762 8.03591 5.21719 8.29287 5.21719 8.60985C5.21719 8.92684 4.95762 9.1838 4.63743 9.1838H4.25093C3.93075 9.1838 3.67118 8.92684 3.67118 8.60985ZM4.25093 14.157C3.93075 14.157 3.67118 14.414 3.67118 14.731C3.67118 15.0479 3.93075 15.3049 4.25093 15.3049H4.63743C4.95762 15.3049 5.21719 15.0479 5.21719 14.731C5.21719 14.414 4.95762 14.157 4.63743 14.157H4.25093Z" fill="#EB0203"></path>
                        <path fill-rule="evenodd" clip-rule="evenodd" d="M14.6252 13.6363C13.4918 12.6215 11.7817 12.5264 10.6569 13.4792C9.12421 14.7764 9.34841 16.8912 10.4409 18.0122L14.0159 21.6742C14.2197 21.8832 14.4928 22 14.7822 22C15.0737 22 15.3448 21.8852 15.5486 21.6762L19.1236 18.0142C20.214 16.8933 20.4423 14.7785 18.9075 13.4792C17.7827 12.5283 16.0724 12.6217 14.9391 13.6365C14.8855 13.6845 14.8331 13.7345 14.7822 13.7866C14.7313 13.7345 14.6789 13.6843 14.6252 13.6363ZM18.1546 14.3522C19.0973 15.1508 18.9962 16.4896 18.2891 17.2173C18.2888 17.2175 18.2886 17.2177 18.2884 17.218L14.7832 20.8084L11.2753 17.2151C11.2752 17.215 11.2751 17.2149 11.2749 17.2148C10.5677 16.4887 10.4678 15.1495 11.4104 14.3518L11.4108 14.3514C12.0745 13.7892 13.2018 13.82 13.9488 14.5846L14.7822 15.4378L15.6157 14.5846C16.3617 13.8211 17.4896 13.79 18.1545 14.3521" fill="#EB0203"></path>
                        </svg>
                        <svg class="inactive-content" width="100%" height="100%" viewBox="0 0 20 23" fill="none" xmlns="http://www.w3.org/2000/svg">
                        <path fill-rule="evenodd" clip-rule="evenodd" d="M6.18408 5.77914C6.18408 5.46223 6.44363 5.20532 6.7638 5.20532H12.3678C12.6879 5.20532 12.9475 5.46223 12.9475 5.77914C12.9475 6.09606 12.6879 6.35297 12.3678 6.35297H6.7638C6.44363 6.35297 6.18408 6.09606 6.18408 5.77914Z" fill="#EB0203"></path>
                        <path fill-rule="evenodd" clip-rule="evenodd" d="M6.18408 11.9034C6.18408 11.5865 6.44363 11.3296 6.7638 11.3296H12.3678C12.6879 11.3296 12.9475 11.5865 12.9475 11.9034C12.9475 12.2202 12.6879 12.4771 12.3678 12.4771H6.7638C6.44363 12.4771 6.18408 12.2202 6.18408 11.9034Z" fill="#EB0203"></path>
                        <path fill-rule="evenodd" clip-rule="evenodd" d="M6.18408 8.84116C6.18408 8.52424 6.44363 8.26733 6.7638 8.26733H12.3678C12.6879 8.26733 12.9475 8.52424 12.9475 8.84116C12.9475 9.15807 12.6879 9.41498 12.3678 9.41498H6.7638C6.44363 9.41498 6.18408 9.15807 6.18408 8.84116Z" fill="#EB0203"></path>
                        <path fill-rule="evenodd" clip-rule="evenodd" d="M6.18408 14.9655C6.18408 14.6486 6.44363 14.3917 6.7638 14.3917H10.1455C10.4657 14.3917 10.7252 14.6486 10.7252 14.9655C10.7252 15.2825 10.4657 15.5394 10.1455 15.5394H6.7638C6.44363 15.5394 6.18408 15.2825 6.18408 14.9655Z" fill="#EB0203"></path>
                        <path fill-rule="evenodd" clip-rule="evenodd" d="M3.67139 5.77914C3.67139 5.46223 3.93094 5.20532 4.25111 5.20532H4.63759C4.95776 5.20532 5.21731 5.46223 5.21731 5.77914C5.21731 6.09606 4.95776 6.35297 4.63759 6.35297H4.25111C3.93094 6.35297 3.67139 6.09606 3.67139 5.77914Z" fill="#EB0203"></path>
                        <path fill-rule="evenodd" clip-rule="evenodd" d="M3.67139 11.9034C3.67139 11.5865 3.93094 11.3296 4.25111 11.3296H4.63759C4.95776 11.3296 5.21731 11.5865 5.21731 11.9034C5.21731 12.2202 4.95776 12.4771 4.63759 12.4771H4.25111C3.93094 12.4771 3.67139 12.2202 3.67139 11.9034Z" fill="#EB0203"></path>
                        <path fill-rule="evenodd" clip-rule="evenodd" d="M3.67139 8.84116C3.67139 8.52424 3.93094 8.26733 4.25111 8.26733H4.63759C4.95776 8.26733 5.21731 8.52424 5.21731 8.84116C5.21731 9.15807 4.95776 9.41498 4.63759 9.41498H4.25111C3.93094 9.41498 3.67139 9.15807 3.67139 8.84116Z" fill="#EB0203"></path>
                        <path fill-rule="evenodd" clip-rule="evenodd" d="M3.67139 14.9655C3.67139 14.6486 3.93094 14.3917 4.25111 14.3917H4.63759C4.95776 14.3917 5.21731 14.6486 5.21731 14.9655C5.21731 15.2825 4.95776 15.5394 4.63759 15.5394H4.25111C3.93094 15.5394 3.67139 15.2825 3.67139 14.9655Z" fill="#EB0203"></path>
                        <path fill-rule="evenodd" clip-rule="evenodd" d="M0 1.76033C0 0.914738 0.692131 0.229248 1.54592 0.229248H15.0727C15.9265 0.229248 16.6186 0.914738 16.6186 1.76033V11.2818C16.6186 11.5989 16.3591 11.8559 16.0389 11.8559C15.7187 11.8559 15.4592 11.5989 15.4592 11.2818V1.76033C15.4592 1.54893 15.2862 1.37756 15.0727 1.37756H1.54592C1.33247 1.37756 1.15944 1.54893 1.15944 1.76033V18.985C1.15944 19.1964 1.33247 19.3678 1.54592 19.3678H9.27551C9.59568 19.3678 9.85523 19.6249 9.85523 19.942C9.85523 20.2591 9.59568 20.5161 9.27551 20.5161H1.54592C0.692131 20.5161 0 19.8306 0 18.985V1.76033Z" fill="#EB0203"></path>
                        <path fill-rule="evenodd" clip-rule="evenodd" d="M14.6254 13.8718C13.4921 12.8567 11.7821 12.7615 10.6574 13.7147C9.12472 15.0124 9.34891 17.128 10.4413 18.2493L14.0161 21.9126C14.2199 22.1217 14.493 22.2386 14.7824 22.2386C15.0739 22.2386 15.3449 22.1238 15.5487 21.9147L19.1235 18.2514C20.2139 17.13 20.4422 15.0144 18.9075 13.7147C17.7827 12.7634 16.0726 12.8569 14.9392 13.872C14.8856 13.92 14.8333 13.9701 14.7824 14.0222C14.7314 13.97 14.6791 13.9199 14.6254 13.8718ZM18.1546 14.588C19.0972 15.3869 18.9961 16.7262 18.2891 17.4541C18.2888 17.4543 18.2886 17.4546 18.2884 17.4548L14.7834 21.0466L11.2757 17.452C11.2756 17.4519 11.2755 17.4517 11.2753 17.4516C10.5681 16.7252 10.4682 15.3856 11.4108 14.5876L11.4112 14.5872C12.0748 14.0248 13.202 14.0556 13.949 14.8205L14.7824 15.674L15.6158 14.8205C16.3618 14.0567 17.4896 14.0256 18.1545 14.5879" fill="#EB0203"></path>
                        </svg>
                        </button>
                        </div>
                        <div class="col-sm-10 col-12">
                        <div class="ct-tile-quantity d-none" data-pid="2308516">
                        <input type="hidden" class="add-to-cart-url" value="https://www.continente.pt/on/demandware.store/Sites-continente-Site/default/Cart-AddProduct" tabindex="-1">
                        <div class="d-none tile-delete-confirmation-btn" data-pid="2308516" data-delay-time="3000" data-in-cart-msg="no carrinho" data-one-product-added="Adicionado ao carrinho" data-remove-from-cart-msg="Removido do carrinho" data-stay-open="6000.0" data-confirmation-image="{&quot;url&quot;:&quot;https://www.continente.pt/dw/image/v2/BDVS_PRD/on/demandware.static/-/Sites-col-master-catalog/default/dw3a47a1ad/images/col/230/2308516-direito.jpg?sw=87&amp;sh=80&quot;,&quot;fallbackimage&quot;:{&quot;url&quot;:&quot;https://www.continente.pt/dw/image/v2/BDVS_PRD/on/demandware.static/Sites-continente-Site/-/default/dw7c42b4da/images/noimagelarge_product.png?sw=87&amp;sh=80&quot;,&quot;title&quot;:&quot;Cereais Special K&quot;,&quot;alt&quot;:&quot;Cereais Special K&quot;},&quot;title&quot;:&quot;Cereais Special K&quot;,&quot;alt&quot;:&quot;Cereais Special K&quot;}"></div>
                        <div class="ct-tile-quantity-update quantity-update product-qty-vue" data-remove-action="https://www.continente.pt/on/demandware.store/Sites-continente-Site/default/Cart-RemoveProductLineItem" data-action="https://www.continente.pt/on/demandware.store/Sites-continente-Site/default/Cart-UpdateQuantity" data-dimension-update="https://www.continente.pt/on/demandware.store/Sites-continente-Site/default/Cart-DimensionUpdate" data-pid="2308516" data-uuid="b08fdf781097d0dddb513f60cb" data-add-delay="500.0" data-measure-options="{&quot;hasConversionRate&quot;:false,&quot;hasAlternativeSaleUnit&quot;:false,&quot;unitConversionRate&quot;:0,&quot;minOrderQuantity&quot;:1,&quot;stepQuantity&quot;:1,&quot;primaryunit&quot;:&quot;un&quot;,&quot;secondaryunit&quot;:&quot;kg&quot;,&quot;selectedunit&quot;:&quot;primary&quot;,&quot;maxNumberOfUnitsPerSale&quot;:50}" data-price-available="null" :data-has-error="isMaxQtyReached || isMinQtyReached || qtySelectedMoreThanOne">
                        <template v-show="prodUnits">
                        <div class="quantity-input-wrapper has-units">
                        <label class="visually-hidden" :for="'quantity-' + pid + additionalTag">
                        Quantidade no carrinho
                        </label>
                        <input :ref="'quantityInput-' + pid + additionalTag" class="add-to-cart-quantity form-control ct-form-input text-center" inputmode="numeric" :class="{'is-invalid': isInvalid}" :data-pid="pid + additionalTag" :name="'quantity-' + pid + additionalTag" type="text" aria-label="Insira a quantidade" title="" v-model="displayValue" @change="updateQuantity" @focus="updateQtyFormat" @blur="restoreQtyFormat" :disabled="!isPriceAvailable">
                        <span class="quantity-icon quantity-icon--minus">
                        <button class="decrease-quantity-btn" @click="updateQuantity" :disabled="!isPriceAvailable" role="button" aria-label="Reduzir quantidade">
                        <i class="css-math-minus"></i>
                        </button>
                        </span>
                        <span class="quantity-icon quantity-icon--plus">
                        <button class="increase-quantity-btn" @click="updateQuantity" :disabled="isMaxQtyReached || !isPriceAvailable" role="button" aria-label="Aumentar quantidade">
                        <i class="css-math-plus"></i>
                        </button>
                        <span class="quantity-btn-disabled-placeholder"></span>
                        </span>
                        <template v-if="isPDP">
                        <span class="quantity-error ct-span-error text-sm-center product-max-allocation" v-if="isMaxQtyReached">
                        Quantidade máxima atingida
                        </span>
                        <span class="quantity-error ct-span-product text-sm-center product-allocation" v-if="!isMinQtyReached &amp;&amp; !isMaxQtyReached">
                        {{quantitySelected}} no carrinho
                        </span>
                        <span class="quantity-error ct-span-error text-sm-center product-min-allocation" :data-pid="pid" v-if="isMinQtyReached &amp;&amp; !isMaxQtyReached">
                        Quantidade mínima atingida
                        </span>
                        </template>
                        </div>
                        <template v-if="showNotes">
                        <div class="add-note-link-container ">
                        <div class="add-note">
                        <a href="/produto/cereais-special-k-kelloggs-2308516.html?showNote=true" class="ct-add-note-redirect-pdp" aria-label="Adicionar comentário">
                        <span class="svg-wrapper svg-icon-notes" style="width:19px; height:20px">
                        <svg class="svg-inline icon-notes" viewBox="0 0 28 30" xmlns="http://www.w3.org/2000/svg" width="100%" height="100%"><path d="M21.738 0C22.985 0 24 1.04 24 2.319V12.47c0 .469-.37.848-.828.848-.457 0-.827-.38-.827-.848V2.32c0-.343-.273-.622-.607-.622H2.262c-.334 0-.607.279-.607.622V27.68c0 .343.273.622.607.622h7.81c.457 0 .827.38.827.849 0 .468-.37.848-.827.848h-7.81C1.015 30 0 28.96 0 27.681V2.32C0 1.04 1.015 0 2.262 0h19.476zm2.844 16.004l.227.007c.823.053 1.589.39 2.176.964.64.627.993 1.46.993 2.349 0 .888-.353 1.722-.993 2.348l-6.83 6.665c-.11.108-.247.186-.397.226l-5.032 1.363c-.078.021-.16.032-.241.032-.242 0-.478-.097-.647-.266-.23-.231-.314-.566-.218-.874l1.49-4.798c.044-.139.122-.266.227-.369l6.844-6.677c.64-.625 1.493-.97 2.401-.97zm-2.886 3.94l-4.922 4.802-.947 3.048 3.22-.872 4.897-4.78-2.248-2.197zm2.887-2.174c-.425 0-.824.162-1.124.455l-.484.472 2.248 2.197.484-.472c.62-.606.62-1.591 0-2.197l-.117-.104c-.283-.227-.636-.35-1.007-.35zm-10.839.022c.498 0 .904.396.904.883 0 .488-.406.884-.904.884H5.946c-.499 0-.904-.396-.904-.884 0-.487.405-.883.904-.883zm5.042-4.876c.498 0 .904.397.904.884s-.406.884-.904.884H5.946c-.499 0-.904-.397-.904-.884s.405-.884.904-.884zm0-4.875c.498 0 .904.396.904.884 0 .487-.406.883-.904.883H5.946c-.499 0-.904-.396-.904-.883 0-.488.405-.884.904-.884z" fill="#EB0203" fill-rule="evenodd"></path></svg>
                        </span>
                        <div class="available-note d-none"></div>
                        </a>
                        </div>
                        </div>
                        </template>
                        <div class="measurement-unit-section" v-if="isPriceAvailable &amp;&amp; prodUnits ? prodUnits.hasAlternativeUnit : false">
                        <div class="ct-form-radio" @click="setDimension">
                        <input type="radio" title="" class="ct-form-check-input product-measurement-unit" :data-type="prodUnits.selectedUnit == prodUnits.secondaryUnit ? 'primary' : ''" :id="prodUnits.secondaryUnit + '-' + pid + '-measurement-unit-ptile' + additionalTag" :name="'measurement-unit-' + pid + '-ptile' + additionalTag" :value="prodUnits.secondaryUnit" v-model="prodUnits.selectedUnit">
                        <label :class="prodUnits.secondaryUnit + '-label ct-form-check-label mb-0'" :for="prodUnits.secondaryUnit + '-' + pid + '-measurement-unit-ptile' + additionalTag">
                        {{prodUnits.secondaryUnit}}
                        </label>
                        <span class="checkmark"></span>
                        </div>
                        <div class="ct-form-radio" @click="setDimension">
                        <input type="radio" title="" class="ct-form-check-input product-measurement-unit" :data-type="prodUnits.selectedUnit == prodUnits.primaryUnit ? 'primary' : ''" :id="prodUnits.primaryUnit + '-' + pid + '-measurement-unit-ptile' + additionalTag" :name="'measurement-unit-' + pid + '-ptile' + additionalTag" :value="prodUnits.primaryUnit" v-model="prodUnits.selectedUnit">
                        <label :class="prodUnits.primaryUnit + '-label ct-form-check-label mb-0'" :for="prodUnits.primaryUnit + '-' + pid + '-measurement-unit-ptile' + additionalTag">
                        {{prodUnits.primaryUnit}}
                        </label>
                        <span class="checkmark"></span>
                        </div>
                        </div>
                        <template v-if="!isPDP &amp;&amp; isPriceAvailable">
                        <span class="quantity-error ct-span-error product-max-allocation" v-if="isMaxQtyReached">
                        Quantidade máxima atingida
                        </span>
                        <span class="quantity-error ct-span-product product-allocation" v-if="!isMinQtyReached &amp;&amp; !isMaxQtyReached">
                        {{quantitySelected}} no carrinho
                        </span>
                        <span class="quantity-error ct-span-error product-min-allocation" :data-pid="pid" v-if="isMinQtyReached &amp;&amp; !isMaxQtyReached">
                        Quantidade mínima atingida
                        </span>
                        </template>
                        </template>
                        </div>
                        <input class="quantity-value-mask d-none" name="quantity" type="number" min="0" value="" tabindex="-1">
                        </div>
                        <button type="button" class="add-to-cart button js-add-to-cart js-add-to-cart-tile 2308516 button--primary dynamic-layout-btn" data-toggle="modal" data-target="#chooseBonusProductModal" data-pid="2308516" data-quantity-value="null" aria-label="Carrinho" tabindex="-1">
                        <span class="d-block d-sm-none">
                        <span class="svg-wrapper svg-icon-cart" style="width:20px; height:20px">
                        <svg class="svg-inline icon-cart" xmlns="http://www.w3.org/2000/svg" viewBox="0 0 500 500" width="100%" height="100%"><path fill="#EB0203" fill-rule="evenodd" d="M 485.67317,94.386311 C 476.37798,83.847129 463.09468,78.03348 448.30404,78.03348 H 90.690813 L 87.079511,51.327997 C 83.185582,22.539551 62.962285,0 41.011841,0 H 14.727836 C 6.563151,0 0,6.5286975 0,14.580758 c 0,8.05206 6.5945535,14.580758 14.727836,14.580758 h 26.284005 c 4.710398,0 14.696435,9.855222 16.894619,26.021523 L 100.01739,368.0631 c 1.88416,13.77244 9.01256,26.70549 20.1605,36.37417 8.25889,7.15046 18.02511,11.9071 28.26237,13.89679 -4.17655,7.58572 -6.53175,16.25957 -6.53175,25.493 0,29.53459 24.27424,53.59751 54.13815,53.59751 29.8325,0 54.13814,-24.03184 54.13814,-53.59751 0,-8.79818 -2.19818,-17.09897 -5.9979,-24.43598 h 77.12488 c -3.79973,7.33701 -5.96652,15.6378 -5.96652,24.43598 0,29.53459 24.27424,53.59751 54.13817,53.59751 29.83249,0 54.13814,-24.03184 54.13814,-53.59751 0,-8.79818 -2.1982,-17.09897 -5.9979,-24.43598 h 38.56243 c 8.13328,0 14.72783,-6.5287 14.72783,-14.61183 0,-8.02098 -6.59455,-14.54967 -14.72783,-14.54967 H 159.24277 c -14.38241,0 -28.13677,-11.90711 -30.02092,-26.02153 l -3.07746,-22.88154 h 290.6314 c 14.03698,0 27.94834,-5.28513 39.06488,-14.95381 11.11652,-9.6376 18.27632,-22.57065 20.16048,-36.37417 l 21.10259,-156.78201 c 1.94694,-14.51858 -2.10398,-28.29103 -11.43057,-38.861299 z M 220.76053,443.82706 c 0,13.49265 -11.08513,24.46709 -24.68247,24.46709 -13.62874,0 -24.71387,-10.97444 -24.71387,-24.46709 0,-13.49262 11.08513,-24.43598 24.71387,-24.43598 13.59734,0 24.68247,10.94336 24.68247,24.43598 z m 173.43675,0 c 0,13.49265 -11.08512,24.46709 -24.68245,24.46709 -13.62876,0 -24.71388,-10.97444 -24.71388,-24.46709 0,-13.49262 11.08512,-24.43598 24.71388,-24.43598 13.59733,0 24.68245,10.94336 24.68245,24.43598 z m 73.7648,-314.46558 -21.13397,156.782 c -1.88416,14.11442 -15.63851,26.05261 -30.02091,26.05261 H 122.25046 L 94.616142,107.19499 H 448.33544 c 6.18632,0 11.61896,2.2695 15.23028,6.37326 3.64269,4.13484 5.21283,9.73086 4.39636,15.79323 z"></path></svg>
                        </span>
                        </span>
                        <span class="add-to-cart--text d-none d-sm-block">Carrinho</span>
                        </button>
                        </div>
                        </div>
                        </div>
                        </div>
                        
                        <div class="col-12 d-sm-none">
                        </div>
                        </div>
                        </div>
                        </div>
                        </div><div class="pd-tile-wrap slick-slide slick-cloned" data-idx="8" style="height: auto; width: 221px;" data-slick-index="-3" id="" aria-hidden="true" tabindex="-1">
                        
                        <script type="text/javascript">//<!--
                        /* <![CDATA[ */
                        (function(){
                        try {
                            if(window.CQuotient) {
                                var cq_params = {};
                                cq_params.cookieId = window.CQuotient.getCQCookieId();
                                cq_params.userId = window.CQuotient.getCQUserId();
                                cq_params.emailId = CQuotient.getCQHashedEmail();
                                cq_params.loginId = CQuotient.getCQHashedLogin();
                                cq_params.accumulate = true;
                                cq_params.products = [{
                                    id: '5779885',
                                    sku: '',
                                    type: '',
                                    alt_id: ''
                                }];
                                cq_params.recommenderName = 'FOOD-MERCEARIA';
                                cq_params.realm = "BDVS";
                                cq_params.siteId = "continente";
                                cq_params.instanceType = "prd";
                                cq_params.locale = window.CQuotient.locale;
                                cq_params.slotId = 'col-category-product-recommendations';
                                cq_params.slotConfigId = 'FOOD Recommender Mercearia - Einstein';
                                cq_params.slotConfigTemplate = 'slots\/recommendation\/recommendedProductsCLP.isml';
                                if(window.CQuotient.sendActivity)
                                    window.CQuotient.sendActivity( CQuotient.clientId, 'viewReco', cq_params );
                                else
                                    window.CQuotient.activities.push( {activityType: 'viewReco', parameters: cq_params} );
                            }
                        } catch(err) {}
                        })();
                        /* ]]> */
                        // -->
                        </script>
                        <script type="text/javascript">//<!--
                        /* <![CDATA[ (viewProduct-active_data.js) */
                        dw.ac._capture({id: "5779885", type: "recommendation"});
                        /* ]]> */
                        // -->
                        </script>
                        <div class="product" data-pid="5779885">
                        <div class="product-tile pid-5779885   ct-product-tile " data-delay-time="3000" data-variants-mapping="[]" data-in-cart-msg="no carrinho" data-one-product-added="Adicionado ao carrinho" data-remove-from-cart-msg="Removido do carrinho" data-stay-open="6000.0" data-product-tile-impression="{&quot;name&quot;:&quot;5779885&quot;,&quot;id&quot;:&quot;5779885&quot;,&quot;price&quot;:4.29,&quot;brand&quot;:&quot;Nesquik&quot;,&quot;category&quot;:[{&quot;category_level_1&quot;:&quot;Mercearia&quot;},{&quot;category_level_2&quot;:&quot;Café, Chá e Chocolate Solúvel&quot;},{&quot;category_level_3&quot;:&quot;Chocolate Solúvel&quot;}],&quot;variant&quot;:&quot;&quot;}">
                        <div class="ct-inner-tile-wrap row no-gutters justify-content-center align-content-start">
                        <div class="ct-product-tile-badge ct-product-tile-badge--promotional">
                        <img class="img-fluid lazyloaded" loading="lazy" data-src="https://www.continente.pt/dw/image/v2/BDVS_PRD/on/demandware.static/-/Sites-continente-Library/default/dwf5980f2e/images/badges/pvpr/col/pvpr.png?sw=60&amp;sh=42" alt="PVP Recomendado: €6,19/un" title="PVP Recomendado: €6,19/un" src="https://www.continente.pt/dw/image/v2/BDVS_PRD/on/demandware.static/-/Sites-continente-Library/default/dwf5980f2e/images/badges/pvpr/col/pvpr.png?sw=60&amp;sh=42">
                        <div class="ct-product-tile-badge-value-wrapper ct-product-tile-badge-value-wrapper--pvpr  ">
                        <span class="ct-product-tile-badge-value--pvpr">
                        30
                        </span>
                        <span class="ct-product-tile-badge-value--pvpr-quantifier ">
                        %
                        </span>
                        </div>
                        </div>
                        
                        <div class="ct-image-container col-4 col-sm" data-confirmation-image="{&quot;url&quot;:&quot;https://www.continente.pt/dw/image/v2/BDVS_PRD/on/demandware.static/-/Sites-col-master-catalog/default/dw0753b1b4/images/col/577/5779885-hero.jpg?sw=87&amp;sh=80&quot;,&quot;fallbackimage&quot;:{&quot;url&quot;:&quot;https://www.continente.pt/dw/image/v2/BDVS_PRD/on/demandware.static/Sites-continente-Site/-/default/dw7c42b4da/images/noimagelarge_product.png?sw=87&amp;sh=80&quot;,&quot;title&quot;:&quot;Bebida de Chocolate Solúvel&quot;,&quot;alt&quot;:&quot;Bebida de Chocolate Solúvel&quot;},&quot;title&quot;:&quot;Bebida de Chocolate Solúvel&quot;,&quot;alt&quot;:&quot;Bebida de Chocolate Solúvel&quot;}">
                        <a href="https://www.continente.pt/produto/bebida-de-chocolate-soluvel-nesquik-5779885.html?cgid=home" tabindex="-1">
                        <picture class="intrinsic intrinsic--square">
                        <img class="ct-tile-image lazyloaded" loading="lazy" onerror="this.onerror=null;this.src='/on/demandware.static/Sites-continente-Site/-/default/dw7c42b4da/images/noimagelarge_product.png';" data-src="https://www.continente.pt/dw/image/v2/BDVS_PRD/on/demandware.static/-/Sites-col-master-catalog/default/dw0753b1b4/images/col/577/5779885-hero.jpg?sw=280&amp;sh=280" alt="Bebida de Chocolate Solúvel" title="Bebida de Chocolate Solúvel" src="https://www.continente.pt/dw/image/v2/BDVS_PRD/on/demandware.static/-/Sites-col-master-catalog/default/dw0753b1b4/images/col/577/5779885-hero.jpg?sw=280&amp;sh=280">
                        </picture>
                        </a>
                        <div class=" ct-product-tile-badge ct-product-tile-badge--general">
                        <img class="img-fluid ct-tooltip-trigger lazyloaded" loading="lazy" data-src="https://www.continente.pt/dw/image/v2/BDVS_PRD/on/demandware.static/-/Sites-continente-Library/default/dw257a25b4/images/badges/general/col/sem_gluten.png?sw=25&amp;sh=25" alt="Crachá do produto" title="Sem Glúten" data-toggle="tooltip" data-placement="right" src="https://www.continente.pt/dw/image/v2/BDVS_PRD/on/demandware.static/-/Sites-continente-Library/default/dw257a25b4/images/badges/general/col/sem_gluten.png?sw=25&amp;sh=25">
                        </div>
                        <div class="color-swatches d-flex" style="margin-left: 5px;">
                        <div class="swatches d-flex">
                        </div>
                        </div>
                        </div>
                        <div class="ct-tile-body col col-sm-auto ">
                        <div class="ct-pdp-details">
                        <div class="ct-pdp-link">
                        <a class="ct-tile--description" href="https://www.continente.pt/produto/bebida-de-chocolate-soluvel-nesquik-5779885.html?cgid=home" tabindex="-1">Bebida de Chocolate Solúvel</a>
                        <div class="ct-tile--favorite-top d-sm-none">
                        <button class="wishlist-toggler guest-mode inactive button button--tertiary" data-pid="5779885" data-add-url="https://www.continente.pt/on/demandware.store/Sites-continente-Site/default/Wishlist-AddProduct?pid=5779885" data-toggle="tooltip" aria-label="Adicionar aos favoritos " data-original-title="Adicionar aos favoritos" data-placement="top" tabindex="-1">
                        <svg class="active-content" width="100%" height="100%" viewBox="0 0 20 22" fill="none" xmlns="http://www.w3.org/2000/svg">
                        <path fill-rule="evenodd" clip-rule="evenodd" d="M0 1.53052C0 0.685236 0.692171 0 1.54601 0H15.0736C15.9274 0 16.6196 0.685235 16.6196 1.53052V13.4064L15.8127 13.922L14.2658 14.2658L12.7189 13.4064L10.6054 14.3818C10.4994 14.2451 10.3327 14.157 10.1452 14.157H6.76329C6.4431 14.157 6.18354 14.414 6.18354 14.731C6.18354 15.0479 6.4431 15.3049 6.76329 15.3049H10.1452C10.2478 15.3049 10.3441 15.2785 10.4277 15.2322L10.3126 16.8439L13.2345 20.2793H1.54601C0.69217 20.2793 0 19.5941 0 18.7488V1.53052ZM6.18354 5.5483C6.18354 5.23132 6.4431 4.97436 6.76329 4.97436H12.3676C12.6878 4.97436 12.9473 5.23132 12.9473 5.5483C12.9473 5.86528 12.6878 6.12224 12.3676 6.12224H6.76329C6.4431 6.12224 6.18354 5.86528 6.18354 5.5483ZM6.76329 11.0961C6.4431 11.0961 6.18354 11.3531 6.18354 11.6701C6.18354 11.987 6.4431 12.244 6.76329 12.244H12.3676C12.6878 12.244 12.9473 11.987 12.9473 11.6701C12.9473 11.3531 12.6878 11.0961 12.3676 11.0961H6.76329ZM6.18354 8.60985C6.18354 8.29287 6.4431 8.03591 6.76329 8.03591H12.3676C12.6878 8.03591 12.9473 8.29287 12.9473 8.60985C12.9473 8.92684 12.6878 9.1838 12.3676 9.1838H6.76329C6.4431 9.1838 6.18354 8.92684 6.18354 8.60985ZM3.67118 5.5483C3.67118 5.23132 3.93075 4.97436 4.25093 4.97436H4.63743C4.95762 4.97436 5.21719 5.23132 5.21719 5.5483C5.21719 5.86528 4.95762 6.12224 4.63743 6.12224H4.25093C3.93075 6.12224 3.67118 5.86528 3.67118 5.5483ZM4.25093 11.0961C3.93075 11.0961 3.67118 11.3531 3.67118 11.6701C3.67118 11.987 3.93075 12.244 4.25093 12.244H4.63743C4.95762 12.244 5.21719 11.987 5.21719 11.6701C5.21719 11.3531 4.95762 11.0961 4.63743 11.0961H4.25093ZM3.67118 8.60985C3.67118 8.29287 3.93075 8.03591 4.25093 8.03591H4.63743C4.95762 8.03591 5.21719 8.29287 5.21719 8.60985C5.21719 8.92684 4.95762 9.1838 4.63743 9.1838H4.25093C3.93075 9.1838 3.67118 8.92684 3.67118 8.60985ZM4.25093 14.157C3.93075 14.157 3.67118 14.414 3.67118 14.731C3.67118 15.0479 3.93075 15.3049 4.25093 15.3049H4.63743C4.95762 15.3049 5.21719 15.0479 5.21719 14.731C5.21719 14.414 4.95762 14.157 4.63743 14.157H4.25093Z" fill="#EB0203"></path>
                        <path fill-rule="evenodd" clip-rule="evenodd" d="M14.6252 13.6363C13.4918 12.6215 11.7817 12.5264 10.6569 13.4792C9.12421 14.7764 9.34841 16.8912 10.4409 18.0122L14.0159 21.6742C14.2197 21.8832 14.4928 22 14.7822 22C15.0737 22 15.3448 21.8852 15.5486 21.6762L19.1236 18.0142C20.214 16.8933 20.4423 14.7785 18.9075 13.4792C17.7827 12.5283 16.0724 12.6217 14.9391 13.6365C14.8855 13.6845 14.8331 13.7345 14.7822 13.7866C14.7313 13.7345 14.6789 13.6843 14.6252 13.6363ZM18.1546 14.3522C19.0973 15.1508 18.9962 16.4896 18.2891 17.2173C18.2888 17.2175 18.2886 17.2177 18.2884 17.218L14.7832 20.8084L11.2753 17.2151C11.2752 17.215 11.2751 17.2149 11.2749 17.2148C10.5677 16.4887 10.4678 15.1495 11.4104 14.3518L11.4108 14.3514C12.0745 13.7892 13.2018 13.82 13.9488 14.5846L14.7822 15.4378L15.6157 14.5846C16.3617 13.8211 17.4896 13.79 18.1545 14.3521" fill="#EB0203"></path>
                        </svg>
                        <svg class="inactive-content" width="100%" height="100%" viewBox="0 0 20 23" fill="none" xmlns="http://www.w3.org/2000/svg">
                        <path fill-rule="evenodd" clip-rule="evenodd" d="M6.18408 5.77914C6.18408 5.46223 6.44363 5.20532 6.7638 5.20532H12.3678C12.6879 5.20532 12.9475 5.46223 12.9475 5.77914C12.9475 6.09606 12.6879 6.35297 12.3678 6.35297H6.7638C6.44363 6.35297 6.18408 6.09606 6.18408 5.77914Z" fill="#EB0203"></path>
                        <path fill-rule="evenodd" clip-rule="evenodd" d="M6.18408 11.9034C6.18408 11.5865 6.44363 11.3296 6.7638 11.3296H12.3678C12.6879 11.3296 12.9475 11.5865 12.9475 11.9034C12.9475 12.2202 12.6879 12.4771 12.3678 12.4771H6.7638C6.44363 12.4771 6.18408 12.2202 6.18408 11.9034Z" fill="#EB0203"></path>
                        <path fill-rule="evenodd" clip-rule="evenodd" d="M6.18408 8.84116C6.18408 8.52424 6.44363 8.26733 6.7638 8.26733H12.3678C12.6879 8.26733 12.9475 8.52424 12.9475 8.84116C12.9475 9.15807 12.6879 9.41498 12.3678 9.41498H6.7638C6.44363 9.41498 6.18408 9.15807 6.18408 8.84116Z" fill="#EB0203"></path>
                        <path fill-rule="evenodd" clip-rule="evenodd" d="M6.18408 14.9655C6.18408 14.6486 6.44363 14.3917 6.7638 14.3917H10.1455C10.4657 14.3917 10.7252 14.6486 10.7252 14.9655C10.7252 15.2825 10.4657 15.5394 10.1455 15.5394H6.7638C6.44363 15.5394 6.18408 15.2825 6.18408 14.9655Z" fill="#EB0203"></path>
                        <path fill-rule="evenodd" clip-rule="evenodd" d="M3.67139 5.77914C3.67139 5.46223 3.93094 5.20532 4.25111 5.20532H4.63759C4.95776 5.20532 5.21731 5.46223 5.21731 5.77914C5.21731 6.09606 4.95776 6.35297 4.63759 6.35297H4.25111C3.93094 6.35297 3.67139 6.09606 3.67139 5.77914Z" fill="#EB0203"></path>
                        <path fill-rule="evenodd" clip-rule="evenodd" d="M3.67139 11.9034C3.67139 11.5865 3.93094 11.3296 4.25111 11.3296H4.63759C4.95776 11.3296 5.21731 11.5865 5.21731 11.9034C5.21731 12.2202 4.95776 12.4771 4.63759 12.4771H4.25111C3.93094 12.4771 3.67139 12.2202 3.67139 11.9034Z" fill="#EB0203"></path>
                        <path fill-rule="evenodd" clip-rule="evenodd" d="M3.67139 8.84116C3.67139 8.52424 3.93094 8.26733 4.25111 8.26733H4.63759C4.95776 8.26733 5.21731 8.52424 5.21731 8.84116C5.21731 9.15807 4.95776 9.41498 4.63759 9.41498H4.25111C3.93094 9.41498 3.67139 9.15807 3.67139 8.84116Z" fill="#EB0203"></path>
                        <path fill-rule="evenodd" clip-rule="evenodd" d="M3.67139 14.9655C3.67139 14.6486 3.93094 14.3917 4.25111 14.3917H4.63759C4.95776 14.3917 5.21731 14.6486 5.21731 14.9655C5.21731 15.2825 4.95776 15.5394 4.63759 15.5394H4.25111C3.93094 15.5394 3.67139 15.2825 3.67139 14.9655Z" fill="#EB0203"></path>
                        <path fill-rule="evenodd" clip-rule="evenodd" d="M0 1.76033C0 0.914738 0.692131 0.229248 1.54592 0.229248H15.0727C15.9265 0.229248 16.6186 0.914738 16.6186 1.76033V11.2818C16.6186 11.5989 16.3591 11.8559 16.0389 11.8559C15.7187 11.8559 15.4592 11.5989 15.4592 11.2818V1.76033C15.4592 1.54893 15.2862 1.37756 15.0727 1.37756H1.54592C1.33247 1.37756 1.15944 1.54893 1.15944 1.76033V18.985C1.15944 19.1964 1.33247 19.3678 1.54592 19.3678H9.27551C9.59568 19.3678 9.85523 19.6249 9.85523 19.942C9.85523 20.2591 9.59568 20.5161 9.27551 20.5161H1.54592C0.692131 20.5161 0 19.8306 0 18.985V1.76033Z" fill="#EB0203"></path>
                        <path fill-rule="evenodd" clip-rule="evenodd" d="M14.6254 13.8718C13.4921 12.8567 11.7821 12.7615 10.6574 13.7147C9.12472 15.0124 9.34891 17.128 10.4413 18.2493L14.0161 21.9126C14.2199 22.1217 14.493 22.2386 14.7824 22.2386C15.0739 22.2386 15.3449 22.1238 15.5487 21.9147L19.1235 18.2514C20.2139 17.13 20.4422 15.0144 18.9075 13.7147C17.7827 12.7634 16.0726 12.8569 14.9392 13.872C14.8856 13.92 14.8333 13.9701 14.7824 14.0222C14.7314 13.97 14.6791 13.9199 14.6254 13.8718ZM18.1546 14.588C19.0972 15.3869 18.9961 16.7262 18.2891 17.4541C18.2888 17.4543 18.2886 17.4546 18.2884 17.4548L14.7834 21.0466L11.2757 17.452C11.2756 17.4519 11.2755 17.4517 11.2753 17.4516C10.5681 16.7252 10.4682 15.3856 11.4108 14.5876L11.4112 14.5872C12.0748 14.0248 13.202 14.0556 13.949 14.8205L14.7824 15.674L15.6158 14.8205C16.3618 14.0567 17.4896 14.0256 18.1545 14.5879" fill="#EB0203"></path>
                        </svg>
                        </button>
                        </div>
                        </div>
                        <p class="ct-tile--brand">Nesquik</p>
                        <p class="ct-tile--quantity">emb. 1 kg</p>
                        </div>
                        <div class="ct-tile-bottom row no-gutters justify-content-between">
                        <div class="ct-price-wrap col-8 col-sm-12">
                        <div class="price js-product-price">
                        <div class="prices-wrapper">
                        <span class="sales ct-tile--price-primary ">
                        <span class="value" content="4.29">
                        <span class="ct-price-formatted">
                        €4,29
                        </span>
                        <span class="ct-m-unit">
                        /un
                        </span>
                        </span>
                        </span>
                        </div>
                        <div class="ct-tile--price-secondary">
                        <span class="ct-price-value">
                        €4,29
                        </span>
                        <span class="ct-m-unit">
                        /kg
                        </span>
                        </div>
                        <p class="ct-discount-amount ct-discount-amount-pvpr">PVP Recomendado: €6,19/un</p>
                        </div>
                        </div>
                        <div class="ct-tile-buy-section d-flex justify-content-center no-gutters col-auto col-sm-12">
                        <div class="col-2 d-sm-flex d-none">
                        <button class="wishlist-toggler guest-mode inactive button button--tertiary" data-pid="5779885" data-add-url="https://www.continente.pt/on/demandware.store/Sites-continente-Site/default/Wishlist-AddProduct?pid=5779885" data-toggle="tooltip" aria-label="Adicionar aos favoritos " data-original-title="Adicionar aos favoritos" data-placement="top" tabindex="-1">
                        <svg class="active-content" width="100%" height="100%" viewBox="0 0 20 22" fill="none" xmlns="http://www.w3.org/2000/svg">
                        <path fill-rule="evenodd" clip-rule="evenodd" d="M0 1.53052C0 0.685236 0.692171 0 1.54601 0H15.0736C15.9274 0 16.6196 0.685235 16.6196 1.53052V13.4064L15.8127 13.922L14.2658 14.2658L12.7189 13.4064L10.6054 14.3818C10.4994 14.2451 10.3327 14.157 10.1452 14.157H6.76329C6.4431 14.157 6.18354 14.414 6.18354 14.731C6.18354 15.0479 6.4431 15.3049 6.76329 15.3049H10.1452C10.2478 15.3049 10.3441 15.2785 10.4277 15.2322L10.3126 16.8439L13.2345 20.2793H1.54601C0.69217 20.2793 0 19.5941 0 18.7488V1.53052ZM6.18354 5.5483C6.18354 5.23132 6.4431 4.97436 6.76329 4.97436H12.3676C12.6878 4.97436 12.9473 5.23132 12.9473 5.5483C12.9473 5.86528 12.6878 6.12224 12.3676 6.12224H6.76329C6.4431 6.12224 6.18354 5.86528 6.18354 5.5483ZM6.76329 11.0961C6.4431 11.0961 6.18354 11.3531 6.18354 11.6701C6.18354 11.987 6.4431 12.244 6.76329 12.244H12.3676C12.6878 12.244 12.9473 11.987 12.9473 11.6701C12.9473 11.3531 12.6878 11.0961 12.3676 11.0961H6.76329ZM6.18354 8.60985C6.18354 8.29287 6.4431 8.03591 6.76329 8.03591H12.3676C12.6878 8.03591 12.9473 8.29287 12.9473 8.60985C12.9473 8.92684 12.6878 9.1838 12.3676 9.1838H6.76329C6.4431 9.1838 6.18354 8.92684 6.18354 8.60985ZM3.67118 5.5483C3.67118 5.23132 3.93075 4.97436 4.25093 4.97436H4.63743C4.95762 4.97436 5.21719 5.23132 5.21719 5.5483C5.21719 5.86528 4.95762 6.12224 4.63743 6.12224H4.25093C3.93075 6.12224 3.67118 5.86528 3.67118 5.5483ZM4.25093 11.0961C3.93075 11.0961 3.67118 11.3531 3.67118 11.6701C3.67118 11.987 3.93075 12.244 4.25093 12.244H4.63743C4.95762 12.244 5.21719 11.987 5.21719 11.6701C5.21719 11.3531 4.95762 11.0961 4.63743 11.0961H4.25093ZM3.67118 8.60985C3.67118 8.29287 3.93075 8.03591 4.25093 8.03591H4.63743C4.95762 8.03591 5.21719 8.29287 5.21719 8.60985C5.21719 8.92684 4.95762 9.1838 4.63743 9.1838H4.25093C3.93075 9.1838 3.67118 8.92684 3.67118 8.60985ZM4.25093 14.157C3.93075 14.157 3.67118 14.414 3.67118 14.731C3.67118 15.0479 3.93075 15.3049 4.25093 15.3049H4.63743C4.95762 15.3049 5.21719 15.0479 5.21719 14.731C5.21719 14.414 4.95762 14.157 4.63743 14.157H4.25093Z" fill="#EB0203"></path>
                        <path fill-rule="evenodd" clip-rule="evenodd" d="M14.6252 13.6363C13.4918 12.6215 11.7817 12.5264 10.6569 13.4792C9.12421 14.7764 9.34841 16.8912 10.4409 18.0122L14.0159 21.6742C14.2197 21.8832 14.4928 22 14.7822 22C15.0737 22 15.3448 21.8852 15.5486 21.6762L19.1236 18.0142C20.214 16.8933 20.4423 14.7785 18.9075 13.4792C17.7827 12.5283 16.0724 12.6217 14.9391 13.6365C14.8855 13.6845 14.8331 13.7345 14.7822 13.7866C14.7313 13.7345 14.6789 13.6843 14.6252 13.6363ZM18.1546 14.3522C19.0973 15.1508 18.9962 16.4896 18.2891 17.2173C18.2888 17.2175 18.2886 17.2177 18.2884 17.218L14.7832 20.8084L11.2753 17.2151C11.2752 17.215 11.2751 17.2149 11.2749 17.2148C10.5677 16.4887 10.4678 15.1495 11.4104 14.3518L11.4108 14.3514C12.0745 13.7892 13.2018 13.82 13.9488 14.5846L14.7822 15.4378L15.6157 14.5846C16.3617 13.8211 17.4896 13.79 18.1545 14.3521" fill="#EB0203"></path>
                        </svg>
                        <svg class="inactive-content" width="100%" height="100%" viewBox="0 0 20 23" fill="none" xmlns="http://www.w3.org/2000/svg">
                        <path fill-rule="evenodd" clip-rule="evenodd" d="M6.18408 5.77914C6.18408 5.46223 6.44363 5.20532 6.7638 5.20532H12.3678C12.6879 5.20532 12.9475 5.46223 12.9475 5.77914C12.9475 6.09606 12.6879 6.35297 12.3678 6.35297H6.7638C6.44363 6.35297 6.18408 6.09606 6.18408 5.77914Z" fill="#EB0203"></path>
                        <path fill-rule="evenodd" clip-rule="evenodd" d="M6.18408 11.9034C6.18408 11.5865 6.44363 11.3296 6.7638 11.3296H12.3678C12.6879 11.3296 12.9475 11.5865 12.9475 11.9034C12.9475 12.2202 12.6879 12.4771 12.3678 12.4771H6.7638C6.44363 12.4771 6.18408 12.2202 6.18408 11.9034Z" fill="#EB0203"></path>
                        <path fill-rule="evenodd" clip-rule="evenodd" d="M6.18408 8.84116C6.18408 8.52424 6.44363 8.26733 6.7638 8.26733H12.3678C12.6879 8.26733 12.9475 8.52424 12.9475 8.84116C12.9475 9.15807 12.6879 9.41498 12.3678 9.41498H6.7638C6.44363 9.41498 6.18408 9.15807 6.18408 8.84116Z" fill="#EB0203"></path>
                        <path fill-rule="evenodd" clip-rule="evenodd" d="M6.18408 14.9655C6.18408 14.6486 6.44363 14.3917 6.7638 14.3917H10.1455C10.4657 14.3917 10.7252 14.6486 10.7252 14.9655C10.7252 15.2825 10.4657 15.5394 10.1455 15.5394H6.7638C6.44363 15.5394 6.18408 15.2825 6.18408 14.9655Z" fill="#EB0203"></path>
                        <path fill-rule="evenodd" clip-rule="evenodd" d="M3.67139 5.77914C3.67139 5.46223 3.93094 5.20532 4.25111 5.20532H4.63759C4.95776 5.20532 5.21731 5.46223 5.21731 5.77914C5.21731 6.09606 4.95776 6.35297 4.63759 6.35297H4.25111C3.93094 6.35297 3.67139 6.09606 3.67139 5.77914Z" fill="#EB0203"></path>
                        <path fill-rule="evenodd" clip-rule="evenodd" d="M3.67139 11.9034C3.67139 11.5865 3.93094 11.3296 4.25111 11.3296H4.63759C4.95776 11.3296 5.21731 11.5865 5.21731 11.9034C5.21731 12.2202 4.95776 12.4771 4.63759 12.4771H4.25111C3.93094 12.4771 3.67139 12.2202 3.67139 11.9034Z" fill="#EB0203"></path>
                        <path fill-rule="evenodd" clip-rule="evenodd" d="M3.67139 8.84116C3.67139 8.52424 3.93094 8.26733 4.25111 8.26733H4.63759C4.95776 8.26733 5.21731 8.52424 5.21731 8.84116C5.21731 9.15807 4.95776 9.41498 4.63759 9.41498H4.25111C3.93094 9.41498 3.67139 9.15807 3.67139 8.84116Z" fill="#EB0203"></path>
                        <path fill-rule="evenodd" clip-rule="evenodd" d="M3.67139 14.9655C3.67139 14.6486 3.93094 14.3917 4.25111 14.3917H4.63759C4.95776 14.3917 5.21731 14.6486 5.21731 14.9655C5.21731 15.2825 4.95776 15.5394 4.63759 15.5394H4.25111C3.93094 15.5394 3.67139 15.2825 3.67139 14.9655Z" fill="#EB0203"></path>
                        <path fill-rule="evenodd" clip-rule="evenodd" d="M0 1.76033C0 0.914738 0.692131 0.229248 1.54592 0.229248H15.0727C15.9265 0.229248 16.6186 0.914738 16.6186 1.76033V11.2818C16.6186 11.5989 16.3591 11.8559 16.0389 11.8559C15.7187 11.8559 15.4592 11.5989 15.4592 11.2818V1.76033C15.4592 1.54893 15.2862 1.37756 15.0727 1.37756H1.54592C1.33247 1.37756 1.15944 1.54893 1.15944 1.76033V18.985C1.15944 19.1964 1.33247 19.3678 1.54592 19.3678H9.27551C9.59568 19.3678 9.85523 19.6249 9.85523 19.942C9.85523 20.2591 9.59568 20.5161 9.27551 20.5161H1.54592C0.692131 20.5161 0 19.8306 0 18.985V1.76033Z" fill="#EB0203"></path>
                        <path fill-rule="evenodd" clip-rule="evenodd" d="M14.6254 13.8718C13.4921 12.8567 11.7821 12.7615 10.6574 13.7147C9.12472 15.0124 9.34891 17.128 10.4413 18.2493L14.0161 21.9126C14.2199 22.1217 14.493 22.2386 14.7824 22.2386C15.0739 22.2386 15.3449 22.1238 15.5487 21.9147L19.1235 18.2514C20.2139 17.13 20.4422 15.0144 18.9075 13.7147C17.7827 12.7634 16.0726 12.8569 14.9392 13.872C14.8856 13.92 14.8333 13.9701 14.7824 14.0222C14.7314 13.97 14.6791 13.9199 14.6254 13.8718ZM18.1546 14.588C19.0972 15.3869 18.9961 16.7262 18.2891 17.4541C18.2888 17.4543 18.2886 17.4546 18.2884 17.4548L14.7834 21.0466L11.2757 17.452C11.2756 17.4519 11.2755 17.4517 11.2753 17.4516C10.5681 16.7252 10.4682 15.3856 11.4108 14.5876L11.4112 14.5872C12.0748 14.0248 13.202 14.0556 13.949 14.8205L14.7824 15.674L15.6158 14.8205C16.3618 14.0567 17.4896 14.0256 18.1545 14.5879" fill="#EB0203"></path>
                        </svg>
                        </button>
                        </div>
                        <div class="col-sm-10 col-12">
                        <div class="ct-tile-quantity d-none" data-pid="5779885">
                        <input type="hidden" class="add-to-cart-url" value="https://www.continente.pt/on/demandware.store/Sites-continente-Site/default/Cart-AddProduct" tabindex="-1">
                        <div class="d-none tile-delete-confirmation-btn" data-pid="5779885" data-delay-time="3000" data-in-cart-msg="no carrinho" data-one-product-added="Adicionado ao carrinho" data-remove-from-cart-msg="Removido do carrinho" data-stay-open="6000.0" data-confirmation-image="{&quot;url&quot;:&quot;https://www.continente.pt/dw/image/v2/BDVS_PRD/on/demandware.static/-/Sites-col-master-catalog/default/dw0753b1b4/images/col/577/5779885-hero.jpg?sw=87&amp;sh=80&quot;,&quot;fallbackimage&quot;:{&quot;url&quot;:&quot;https://www.continente.pt/dw/image/v2/BDVS_PRD/on/demandware.static/Sites-continente-Site/-/default/dw7c42b4da/images/noimagelarge_product.png?sw=87&amp;sh=80&quot;,&quot;title&quot;:&quot;Bebida de Chocolate Solúvel&quot;,&quot;alt&quot;:&quot;Bebida de Chocolate Solúvel&quot;},&quot;title&quot;:&quot;Bebida de Chocolate Solúvel&quot;,&quot;alt&quot;:&quot;Bebida de Chocolate Solúvel&quot;}"></div>
                        <div class="ct-tile-quantity-update quantity-update product-qty-vue" data-remove-action="https://www.continente.pt/on/demandware.store/Sites-continente-Site/default/Cart-RemoveProductLineItem" data-action="https://www.continente.pt/on/demandware.store/Sites-continente-Site/default/Cart-UpdateQuantity" data-dimension-update="https://www.continente.pt/on/demandware.store/Sites-continente-Site/default/Cart-DimensionUpdate" data-pid="5779885" data-uuid="c36c41d4b8d3f624dfda26a49a" data-add-delay="500.0" data-measure-options="{&quot;hasConversionRate&quot;:false,&quot;hasAlternativeSaleUnit&quot;:false,&quot;unitConversionRate&quot;:0,&quot;minOrderQuantity&quot;:1,&quot;stepQuantity&quot;:1,&quot;primaryunit&quot;:&quot;un&quot;,&quot;secondaryunit&quot;:&quot;kg&quot;,&quot;selectedunit&quot;:&quot;primary&quot;,&quot;maxNumberOfUnitsPerSale&quot;:50}" data-price-available="null" :data-has-error="isMaxQtyReached || isMinQtyReached || qtySelectedMoreThanOne">
                        <template v-show="prodUnits">
                        <div class="quantity-input-wrapper has-units">
                        <label class="visually-hidden" :for="'quantity-' + pid + additionalTag">
                        Quantidade no carrinho
                        </label>
                        <input :ref="'quantityInput-' + pid + additionalTag" class="add-to-cart-quantity form-control ct-form-input text-center" inputmode="numeric" :class="{'is-invalid': isInvalid}" :data-pid="pid + additionalTag" :name="'quantity-' + pid + additionalTag" type="text" aria-label="Insira a quantidade" title="" v-model="displayValue" @change="updateQuantity" @focus="updateQtyFormat" @blur="restoreQtyFormat" :disabled="!isPriceAvailable">
                        <span class="quantity-icon quantity-icon--minus">
                        <button class="decrease-quantity-btn" @click="updateQuantity" :disabled="!isPriceAvailable" role="button" aria-label="Reduzir quantidade">
                        <i class="css-math-minus"></i>
                        </button>
                        </span>
                        <span class="quantity-icon quantity-icon--plus">
                        <button class="increase-quantity-btn" @click="updateQuantity" :disabled="isMaxQtyReached || !isPriceAvailable" role="button" aria-label="Aumentar quantidade">
                        <i class="css-math-plus"></i>
                        </button>
                        <span class="quantity-btn-disabled-placeholder"></span>
                        </span>
                        <template v-if="isPDP">
                        <span class="quantity-error ct-span-error text-sm-center product-max-allocation" v-if="isMaxQtyReached">
                        Quantidade máxima atingida
                        </span>
                        <span class="quantity-error ct-span-product text-sm-center product-allocation" v-if="!isMinQtyReached &amp;&amp; !isMaxQtyReached">
                        {{quantitySelected}} no carrinho
                        </span>
                        <span class="quantity-error ct-span-error text-sm-center product-min-allocation" :data-pid="pid" v-if="isMinQtyReached &amp;&amp; !isMaxQtyReached">
                        Quantidade mínima atingida
                        </span>
                        </template>
                        </div>
                        <template v-if="showNotes">
                        <div class="add-note-link-container ">
                        <div class="add-note">
                        <a href="/produto/bebida-de-chocolate-soluvel-nesquik-5779885.html?showNote=true" class="ct-add-note-redirect-pdp" aria-label="Adicionar comentário">
                        <span class="svg-wrapper svg-icon-notes" style="width:19px; height:20px">
                        <svg class="svg-inline icon-notes" viewBox="0 0 28 30" xmlns="http://www.w3.org/2000/svg" width="100%" height="100%"><path d="M21.738 0C22.985 0 24 1.04 24 2.319V12.47c0 .469-.37.848-.828.848-.457 0-.827-.38-.827-.848V2.32c0-.343-.273-.622-.607-.622H2.262c-.334 0-.607.279-.607.622V27.68c0 .343.273.622.607.622h7.81c.457 0 .827.38.827.849 0 .468-.37.848-.827.848h-7.81C1.015 30 0 28.96 0 27.681V2.32C0 1.04 1.015 0 2.262 0h19.476zm2.844 16.004l.227.007c.823.053 1.589.39 2.176.964.64.627.993 1.46.993 2.349 0 .888-.353 1.722-.993 2.348l-6.83 6.665c-.11.108-.247.186-.397.226l-5.032 1.363c-.078.021-.16.032-.241.032-.242 0-.478-.097-.647-.266-.23-.231-.314-.566-.218-.874l1.49-4.798c.044-.139.122-.266.227-.369l6.844-6.677c.64-.625 1.493-.97 2.401-.97zm-2.886 3.94l-4.922 4.802-.947 3.048 3.22-.872 4.897-4.78-2.248-2.197zm2.887-2.174c-.425 0-.824.162-1.124.455l-.484.472 2.248 2.197.484-.472c.62-.606.62-1.591 0-2.197l-.117-.104c-.283-.227-.636-.35-1.007-.35zm-10.839.022c.498 0 .904.396.904.883 0 .488-.406.884-.904.884H5.946c-.499 0-.904-.396-.904-.884 0-.487.405-.883.904-.883zm5.042-4.876c.498 0 .904.397.904.884s-.406.884-.904.884H5.946c-.499 0-.904-.397-.904-.884s.405-.884.904-.884zm0-4.875c.498 0 .904.396.904.884 0 .487-.406.883-.904.883H5.946c-.499 0-.904-.396-.904-.883 0-.488.405-.884.904-.884z" fill="#EB0203" fill-rule="evenodd"></path></svg>
                        </span>
                        <div class="available-note d-none"></div>
                        </a>
                        </div>
                        </div>
                        </template>
                        <div class="measurement-unit-section" v-if="isPriceAvailable &amp;&amp; prodUnits ? prodUnits.hasAlternativeUnit : false">
                        <div class="ct-form-radio" @click="setDimension">
                        <input type="radio" title="" class="ct-form-check-input product-measurement-unit" :data-type="prodUnits.selectedUnit == prodUnits.secondaryUnit ? 'primary' : ''" :id="prodUnits.secondaryUnit + '-' + pid + '-measurement-unit-ptile' + additionalTag" :name="'measurement-unit-' + pid + '-ptile' + additionalTag" :value="prodUnits.secondaryUnit" v-model="prodUnits.selectedUnit">
                        <label :class="prodUnits.secondaryUnit + '-label ct-form-check-label mb-0'" :for="prodUnits.secondaryUnit + '-' + pid + '-measurement-unit-ptile' + additionalTag">
                        {{prodUnits.secondaryUnit}}
                        </label>
                        <span class="checkmark"></span>
                        </div>
                        <div class="ct-form-radio" @click="setDimension">
                        <input type="radio" title="" class="ct-form-check-input product-measurement-unit" :data-type="prodUnits.selectedUnit == prodUnits.primaryUnit ? 'primary' : ''" :id="prodUnits.primaryUnit + '-' + pid + '-measurement-unit-ptile' + additionalTag" :name="'measurement-unit-' + pid + '-ptile' + additionalTag" :value="prodUnits.primaryUnit" v-model="prodUnits.selectedUnit">
                        <label :class="prodUnits.primaryUnit + '-label ct-form-check-label mb-0'" :for="prodUnits.primaryUnit + '-' + pid + '-measurement-unit-ptile' + additionalTag">
                        {{prodUnits.primaryUnit}}
                        </label>
                        <span class="checkmark"></span>
                        </div>
                        </div>
                        <template v-if="!isPDP &amp;&amp; isPriceAvailable">
                        <span class="quantity-error ct-span-error product-max-allocation" v-if="isMaxQtyReached">
                        Quantidade máxima atingida
                        </span>
                        <span class="quantity-error ct-span-product product-allocation" v-if="!isMinQtyReached &amp;&amp; !isMaxQtyReached">
                        {{quantitySelected}} no carrinho
                        </span>
                        <span class="quantity-error ct-span-error product-min-allocation" :data-pid="pid" v-if="isMinQtyReached &amp;&amp; !isMaxQtyReached">
                        Quantidade mínima atingida
                        </span>
                        </template>
                        </template>
                        </div>
                        <input class="quantity-value-mask d-none" name="quantity" type="number" min="0" value="" tabindex="-1">
                        </div>
                        <button type="button" class="add-to-cart button js-add-to-cart js-add-to-cart-tile 5779885 button--primary dynamic-layout-btn" data-toggle="modal" data-target="#chooseBonusProductModal" data-pid="5779885" data-quantity-value="null" aria-label="Carrinho" tabindex="-1">
                        <span class="d-block d-sm-none">
                        <span class="svg-wrapper svg-icon-cart" style="width:20px; height:20px">
                        <svg class="svg-inline icon-cart" xmlns="http://www.w3.org/2000/svg" viewBox="0 0 500 500" width="100%" height="100%"><path fill="#EB0203" fill-rule="evenodd" d="M 485.67317,94.386311 C 476.37798,83.847129 463.09468,78.03348 448.30404,78.03348 H 90.690813 L 87.079511,51.327997 C 83.185582,22.539551 62.962285,0 41.011841,0 H 14.727836 C 6.563151,0 0,6.5286975 0,14.580758 c 0,8.05206 6.5945535,14.580758 14.727836,14.580758 h 26.284005 c 4.710398,0 14.696435,9.855222 16.894619,26.021523 L 100.01739,368.0631 c 1.88416,13.77244 9.01256,26.70549 20.1605,36.37417 8.25889,7.15046 18.02511,11.9071 28.26237,13.89679 -4.17655,7.58572 -6.53175,16.25957 -6.53175,25.493 0,29.53459 24.27424,53.59751 54.13815,53.59751 29.8325,0 54.13814,-24.03184 54.13814,-53.59751 0,-8.79818 -2.19818,-17.09897 -5.9979,-24.43598 h 77.12488 c -3.79973,7.33701 -5.96652,15.6378 -5.96652,24.43598 0,29.53459 24.27424,53.59751 54.13817,53.59751 29.83249,0 54.13814,-24.03184 54.13814,-53.59751 0,-8.79818 -2.1982,-17.09897 -5.9979,-24.43598 h 38.56243 c 8.13328,0 14.72783,-6.5287 14.72783,-14.61183 0,-8.02098 -6.59455,-14.54967 -14.72783,-14.54967 H 159.24277 c -14.38241,0 -28.13677,-11.90711 -30.02092,-26.02153 l -3.07746,-22.88154 h 290.6314 c 14.03698,0 27.94834,-5.28513 39.06488,-14.95381 11.11652,-9.6376 18.27632,-22.57065 20.16048,-36.37417 l 21.10259,-156.78201 c 1.94694,-14.51858 -2.10398,-28.29103 -11.43057,-38.861299 z M 220.76053,443.82706 c 0,13.49265 -11.08513,24.46709 -24.68247,24.46709 -13.62874,0 -24.71387,-10.97444 -24.71387,-24.46709 0,-13.49262 11.08513,-24.43598 24.71387,-24.43598 13.59734,0 24.68247,10.94336 24.68247,24.43598 z m 173.43675,0 c 0,13.49265 -11.08512,24.46709 -24.68245,24.46709 -13.62876,0 -24.71388,-10.97444 -24.71388,-24.46709 0,-13.49262 11.08512,-24.43598 24.71388,-24.43598 13.59733,0 24.68245,10.94336 24.68245,24.43598 z m 73.7648,-314.46558 -21.13397,156.782 c -1.88416,14.11442 -15.63851,26.05261 -30.02091,26.05261 H 122.25046 L 94.616142,107.19499 H 448.33544 c 6.18632,0 11.61896,2.2695 15.23028,6.37326 3.64269,4.13484 5.21283,9.73086 4.39636,15.79323 z"></path></svg>
                        </span>
                        </span>
                        <span class="add-to-cart--text d-none d-sm-block">Carrinho</span>
                        </button>
                        </div>
                        </div>
                        </div>
                        </div>
                        
                        <div class="col-12 d-sm-none">
                        </div>
                        </div>
                        </div>
                        </div>
                        </div><div class="pd-tile-wrap slick-slide slick-cloned" data-idx="9" style="height: auto; width: 221px;" data-slick-index="-2" id="" aria-hidden="true" tabindex="-1">
                        
                        <script type="text/javascript">//<!--
                        /* <![CDATA[ */
                        (function(){
                        try {
                            if(window.CQuotient) {
                                var cq_params = {};
                                cq_params.cookieId = window.CQuotient.getCQCookieId();
                                cq_params.userId = window.CQuotient.getCQUserId();
                                cq_params.emailId = CQuotient.getCQHashedEmail();
                                cq_params.loginId = CQuotient.getCQHashedLogin();
                                cq_params.accumulate = true;
                                cq_params.products = [{
                                    id: '7457865',
                                    sku: '',
                                    type: '',
                                    alt_id: ''
                                }];
                                cq_params.recommenderName = 'FOOD-MERCEARIA';
                                cq_params.realm = "BDVS";
                                cq_params.siteId = "continente";
                                cq_params.instanceType = "prd";
                                cq_params.locale = window.CQuotient.locale;
                                cq_params.slotId = 'col-category-product-recommendations';
                                cq_params.slotConfigId = 'FOOD Recommender Mercearia - Einstein';
                                cq_params.slotConfigTemplate = 'slots\/recommendation\/recommendedProductsCLP.isml';
                                if(window.CQuotient.sendActivity)
                                    window.CQuotient.sendActivity( CQuotient.clientId, 'viewReco', cq_params );
                                else
                                    window.CQuotient.activities.push( {activityType: 'viewReco', parameters: cq_params} );
                            }
                        } catch(err) {}
                        })();
                        /* ]]> */
                        // -->
                        </script>
                        <script type="text/javascript">//<!--
                        /* <![CDATA[ (viewProduct-active_data.js) */
                        dw.ac._capture({id: "7457865", type: "recommendation"});
                        /* ]]> */
                        // -->
                        </script>
                        <div class="product" data-pid="7457865">
                        <div class="product-tile pid-7457865   ct-product-tile " data-delay-time="3000" data-variants-mapping="[]" data-in-cart-msg="no carrinho" data-one-product-added="Adicionado ao carrinho" data-remove-from-cart-msg="Removido do carrinho" data-stay-open="6000.0" data-product-tile-impression="{&quot;name&quot;:&quot;7457865&quot;,&quot;id&quot;:&quot;7457865&quot;,&quot;price&quot;:1.86,&quot;brand&quot;:&quot;Vidal&quot;,&quot;category&quot;:[{&quot;category_level_1&quot;:&quot;Mercearia&quot;},{&quot;category_level_2&quot;:&quot;Chocolate, Gomas e Rebuçados&quot;},{&quot;category_level_3&quot;:&quot;Gomas, Pastilhas e Rebuçados&quot;}],&quot;variant&quot;:&quot;&quot;}">
                        <div class="ct-inner-tile-wrap row no-gutters justify-content-center align-content-start">
                        <div class="ct-product-tile-badge ct-product-tile-badge--promotional">
                        <img class="img-fluid lazyloaded" loading="lazy" data-src="https://www.continente.pt/dw/image/v2/BDVS_PRD/on/demandware.static/-/Sites-continente-Library/default/dwf5980f2e/images/badges/pvpr/col/pvpr.png?sw=60&amp;sh=42" alt="PVP Recomendado: €2,49/un" title="PVP Recomendado: €2,49/un" src="https://www.continente.pt/dw/image/v2/BDVS_PRD/on/demandware.static/-/Sites-continente-Library/default/dwf5980f2e/images/badges/pvpr/col/pvpr.png?sw=60&amp;sh=42">
                        <div class="ct-product-tile-badge-value-wrapper ct-product-tile-badge-value-wrapper--pvpr  ">
                        <span class="ct-product-tile-badge-value--pvpr">
                        25
                        </span>
                        <span class="ct-product-tile-badge-value--pvpr-quantifier ">
                        %
                        </span>
                        </div>
                        </div>
                        
                        <div class="ct-image-container col-4 col-sm" data-confirmation-image="{&quot;url&quot;:&quot;https://www.continente.pt/dw/image/v2/BDVS_PRD/on/demandware.static/-/Sites-col-master-catalog/default/dw478e3406/images/col/745/7457865-frente.jpg?sw=87&amp;sh=80&quot;,&quot;fallbackimage&quot;:{&quot;url&quot;:&quot;https://www.continente.pt/dw/image/v2/BDVS_PRD/on/demandware.static/Sites-continente-Site/-/default/dw7c42b4da/images/noimagelarge_product.png?sw=87&amp;sh=80&quot;,&quot;title&quot;:&quot;Gomas Monster Mix&quot;,&quot;alt&quot;:&quot;Gomas Monster Mix&quot;},&quot;title&quot;:&quot;Gomas Monster Mix&quot;,&quot;alt&quot;:&quot;Gomas Monster Mix&quot;}">
                        <a href="https://www.continente.pt/produto/gomas-monster-mix-vidal-7457865.html?cgid=home" tabindex="-1">
                        <picture class="intrinsic intrinsic--square">
                        <img class="ct-tile-image lazyloaded" loading="lazy" onerror="this.onerror=null;this.src='/on/demandware.static/Sites-continente-Site/-/default/dw7c42b4da/images/noimagelarge_product.png';" data-src="https://www.continente.pt/dw/image/v2/BDVS_PRD/on/demandware.static/-/Sites-col-master-catalog/default/dw478e3406/images/col/745/7457865-frente.jpg?sw=280&amp;sh=280" alt="Gomas Monster Mix" title="Gomas Monster Mix" src="https://www.continente.pt/dw/image/v2/BDVS_PRD/on/demandware.static/-/Sites-col-master-catalog/default/dw478e3406/images/col/745/7457865-frente.jpg?sw=280&amp;sh=280">
                        </picture>
                        </a>
                        <div class="color-swatches d-flex" style="margin-left: 5px;">
                        <div class="swatches d-flex">
                        </div>
                        </div>
                        </div>
                        <div class="ct-tile-body col col-sm-auto ">
                        <div class="ct-pdp-details">
                        <div class="ct-pdp-link">
                        <a class="ct-tile--description" href="https://www.continente.pt/produto/gomas-monster-mix-vidal-7457865.html?cgid=home" tabindex="-1">Gomas Monster Mix</a>
                        <div class="ct-tile--favorite-top d-sm-none">
                        <button class="wishlist-toggler guest-mode inactive button button--tertiary" data-pid="7457865" data-add-url="https://www.continente.pt/on/demandware.store/Sites-continente-Site/default/Wishlist-AddProduct?pid=7457865" data-toggle="tooltip" aria-label="Adicionar aos favoritos " data-original-title="Adicionar aos favoritos" data-placement="top" tabindex="-1">
                        <svg class="active-content" width="100%" height="100%" viewBox="0 0 20 22" fill="none" xmlns="http://www.w3.org/2000/svg">
                        <path fill-rule="evenodd" clip-rule="evenodd" d="M0 1.53052C0 0.685236 0.692171 0 1.54601 0H15.0736C15.9274 0 16.6196 0.685235 16.6196 1.53052V13.4064L15.8127 13.922L14.2658 14.2658L12.7189 13.4064L10.6054 14.3818C10.4994 14.2451 10.3327 14.157 10.1452 14.157H6.76329C6.4431 14.157 6.18354 14.414 6.18354 14.731C6.18354 15.0479 6.4431 15.3049 6.76329 15.3049H10.1452C10.2478 15.3049 10.3441 15.2785 10.4277 15.2322L10.3126 16.8439L13.2345 20.2793H1.54601C0.69217 20.2793 0 19.5941 0 18.7488V1.53052ZM6.18354 5.5483C6.18354 5.23132 6.4431 4.97436 6.76329 4.97436H12.3676C12.6878 4.97436 12.9473 5.23132 12.9473 5.5483C12.9473 5.86528 12.6878 6.12224 12.3676 6.12224H6.76329C6.4431 6.12224 6.18354 5.86528 6.18354 5.5483ZM6.76329 11.0961C6.4431 11.0961 6.18354 11.3531 6.18354 11.6701C6.18354 11.987 6.4431 12.244 6.76329 12.244H12.3676C12.6878 12.244 12.9473 11.987 12.9473 11.6701C12.9473 11.3531 12.6878 11.0961 12.3676 11.0961H6.76329ZM6.18354 8.60985C6.18354 8.29287 6.4431 8.03591 6.76329 8.03591H12.3676C12.6878 8.03591 12.9473 8.29287 12.9473 8.60985C12.9473 8.92684 12.6878 9.1838 12.3676 9.1838H6.76329C6.4431 9.1838 6.18354 8.92684 6.18354 8.60985ZM3.67118 5.5483C3.67118 5.23132 3.93075 4.97436 4.25093 4.97436H4.63743C4.95762 4.97436 5.21719 5.23132 5.21719 5.5483C5.21719 5.86528 4.95762 6.12224 4.63743 6.12224H4.25093C3.93075 6.12224 3.67118 5.86528 3.67118 5.5483ZM4.25093 11.0961C3.93075 11.0961 3.67118 11.3531 3.67118 11.6701C3.67118 11.987 3.93075 12.244 4.25093 12.244H4.63743C4.95762 12.244 5.21719 11.987 5.21719 11.6701C5.21719 11.3531 4.95762 11.0961 4.63743 11.0961H4.25093ZM3.67118 8.60985C3.67118 8.29287 3.93075 8.03591 4.25093 8.03591H4.63743C4.95762 8.03591 5.21719 8.29287 5.21719 8.60985C5.21719 8.92684 4.95762 9.1838 4.63743 9.1838H4.25093C3.93075 9.1838 3.67118 8.92684 3.67118 8.60985ZM4.25093 14.157C3.93075 14.157 3.67118 14.414 3.67118 14.731C3.67118 15.0479 3.93075 15.3049 4.25093 15.3049H4.63743C4.95762 15.3049 5.21719 15.0479 5.21719 14.731C5.21719 14.414 4.95762 14.157 4.63743 14.157H4.25093Z" fill="#EB0203"></path>
                        <path fill-rule="evenodd" clip-rule="evenodd" d="M14.6252 13.6363C13.4918 12.6215 11.7817 12.5264 10.6569 13.4792C9.12421 14.7764 9.34841 16.8912 10.4409 18.0122L14.0159 21.6742C14.2197 21.8832 14.4928 22 14.7822 22C15.0737 22 15.3448 21.8852 15.5486 21.6762L19.1236 18.0142C20.214 16.8933 20.4423 14.7785 18.9075 13.4792C17.7827 12.5283 16.0724 12.6217 14.9391 13.6365C14.8855 13.6845 14.8331 13.7345 14.7822 13.7866C14.7313 13.7345 14.6789 13.6843 14.6252 13.6363ZM18.1546 14.3522C19.0973 15.1508 18.9962 16.4896 18.2891 17.2173C18.2888 17.2175 18.2886 17.2177 18.2884 17.218L14.7832 20.8084L11.2753 17.2151C11.2752 17.215 11.2751 17.2149 11.2749 17.2148C10.5677 16.4887 10.4678 15.1495 11.4104 14.3518L11.4108 14.3514C12.0745 13.7892 13.2018 13.82 13.9488 14.5846L14.7822 15.4378L15.6157 14.5846C16.3617 13.8211 17.4896 13.79 18.1545 14.3521" fill="#EB0203"></path>
                        </svg>
                        <svg class="inactive-content" width="100%" height="100%" viewBox="0 0 20 23" fill="none" xmlns="http://www.w3.org/2000/svg">
                        <path fill-rule="evenodd" clip-rule="evenodd" d="M6.18408 5.77914C6.18408 5.46223 6.44363 5.20532 6.7638 5.20532H12.3678C12.6879 5.20532 12.9475 5.46223 12.9475 5.77914C12.9475 6.09606 12.6879 6.35297 12.3678 6.35297H6.7638C6.44363 6.35297 6.18408 6.09606 6.18408 5.77914Z" fill="#EB0203"></path>
                        <path fill-rule="evenodd" clip-rule="evenodd" d="M6.18408 11.9034C6.18408 11.5865 6.44363 11.3296 6.7638 11.3296H12.3678C12.6879 11.3296 12.9475 11.5865 12.9475 11.9034C12.9475 12.2202 12.6879 12.4771 12.3678 12.4771H6.7638C6.44363 12.4771 6.18408 12.2202 6.18408 11.9034Z" fill="#EB0203"></path>
                        <path fill-rule="evenodd" clip-rule="evenodd" d="M6.18408 8.84116C6.18408 8.52424 6.44363 8.26733 6.7638 8.26733H12.3678C12.6879 8.26733 12.9475 8.52424 12.9475 8.84116C12.9475 9.15807 12.6879 9.41498 12.3678 9.41498H6.7638C6.44363 9.41498 6.18408 9.15807 6.18408 8.84116Z" fill="#EB0203"></path>
                        <path fill-rule="evenodd" clip-rule="evenodd" d="M6.18408 14.9655C6.18408 14.6486 6.44363 14.3917 6.7638 14.3917H10.1455C10.4657 14.3917 10.7252 14.6486 10.7252 14.9655C10.7252 15.2825 10.4657 15.5394 10.1455 15.5394H6.7638C6.44363 15.5394 6.18408 15.2825 6.18408 14.9655Z" fill="#EB0203"></path>
                        <path fill-rule="evenodd" clip-rule="evenodd" d="M3.67139 5.77914C3.67139 5.46223 3.93094 5.20532 4.25111 5.20532H4.63759C4.95776 5.20532 5.21731 5.46223 5.21731 5.77914C5.21731 6.09606 4.95776 6.35297 4.63759 6.35297H4.25111C3.93094 6.35297 3.67139 6.09606 3.67139 5.77914Z" fill="#EB0203"></path>
                        <path fill-rule="evenodd" clip-rule="evenodd" d="M3.67139 11.9034C3.67139 11.5865 3.93094 11.3296 4.25111 11.3296H4.63759C4.95776 11.3296 5.21731 11.5865 5.21731 11.9034C5.21731 12.2202 4.95776 12.4771 4.63759 12.4771H4.25111C3.93094 12.4771 3.67139 12.2202 3.67139 11.9034Z" fill="#EB0203"></path>
                        <path fill-rule="evenodd" clip-rule="evenodd" d="M3.67139 8.84116C3.67139 8.52424 3.93094 8.26733 4.25111 8.26733H4.63759C4.95776 8.26733 5.21731 8.52424 5.21731 8.84116C5.21731 9.15807 4.95776 9.41498 4.63759 9.41498H4.25111C3.93094 9.41498 3.67139 9.15807 3.67139 8.84116Z" fill="#EB0203"></path>
                        <path fill-rule="evenodd" clip-rule="evenodd" d="M3.67139 14.9655C3.67139 14.6486 3.93094 14.3917 4.25111 14.3917H4.63759C4.95776 14.3917 5.21731 14.6486 5.21731 14.9655C5.21731 15.2825 4.95776 15.5394 4.63759 15.5394H4.25111C3.93094 15.5394 3.67139 15.2825 3.67139 14.9655Z" fill="#EB0203"></path>
                        <path fill-rule="evenodd" clip-rule="evenodd" d="M0 1.76033C0 0.914738 0.692131 0.229248 1.54592 0.229248H15.0727C15.9265 0.229248 16.6186 0.914738 16.6186 1.76033V11.2818C16.6186 11.5989 16.3591 11.8559 16.0389 11.8559C15.7187 11.8559 15.4592 11.5989 15.4592 11.2818V1.76033C15.4592 1.54893 15.2862 1.37756 15.0727 1.37756H1.54592C1.33247 1.37756 1.15944 1.54893 1.15944 1.76033V18.985C1.15944 19.1964 1.33247 19.3678 1.54592 19.3678H9.27551C9.59568 19.3678 9.85523 19.6249 9.85523 19.942C9.85523 20.2591 9.59568 20.5161 9.27551 20.5161H1.54592C0.692131 20.5161 0 19.8306 0 18.985V1.76033Z" fill="#EB0203"></path>
                        <path fill-rule="evenodd" clip-rule="evenodd" d="M14.6254 13.8718C13.4921 12.8567 11.7821 12.7615 10.6574 13.7147C9.12472 15.0124 9.34891 17.128 10.4413 18.2493L14.0161 21.9126C14.2199 22.1217 14.493 22.2386 14.7824 22.2386C15.0739 22.2386 15.3449 22.1238 15.5487 21.9147L19.1235 18.2514C20.2139 17.13 20.4422 15.0144 18.9075 13.7147C17.7827 12.7634 16.0726 12.8569 14.9392 13.872C14.8856 13.92 14.8333 13.9701 14.7824 14.0222C14.7314 13.97 14.6791 13.9199 14.6254 13.8718ZM18.1546 14.588C19.0972 15.3869 18.9961 16.7262 18.2891 17.4541C18.2888 17.4543 18.2886 17.4546 18.2884 17.4548L14.7834 21.0466L11.2757 17.452C11.2756 17.4519 11.2755 17.4517 11.2753 17.4516C10.5681 16.7252 10.4682 15.3856 11.4108 14.5876L11.4112 14.5872C12.0748 14.0248 13.202 14.0556 13.949 14.8205L14.7824 15.674L15.6158 14.8205C16.3618 14.0567 17.4896 14.0256 18.1545 14.5879" fill="#EB0203"></path>
                        </svg>
                        </button>
                        </div>
                        </div>
                        <p class="ct-tile--brand">Vidal</p>
                        <p class="ct-tile--quantity">emb. 180 gr</p>
                        </div>
                        <div class="ct-tile-bottom row no-gutters justify-content-between">
                        <div class="ct-price-wrap col-8 col-sm-12">
                        <div class="price js-product-price">
                        <div class="prices-wrapper">
                        <span class="sales ct-tile--price-primary ">
                        <span class="value" content="1.86">
                        <span class="ct-price-formatted">
                        €1,86
                        </span>
                        <span class="ct-m-unit">
                        /un
                        </span>
                        </span>
                        </span>
                        </div>
                        <div class="ct-tile--price-secondary">
                        <span class="ct-price-value">
                        €10,33
                        </span>
                        <span class="ct-m-unit">
                        /kg
                        </span>
                        </div>
                        <p class="ct-discount-amount ct-discount-amount-pvpr">PVP Recomendado: €2,49/un</p>
                        </div>
                        </div>
                        <div class="ct-tile-buy-section d-flex justify-content-center no-gutters col-auto col-sm-12">
                        <div class="col-2 d-sm-flex d-none">
                        <button class="wishlist-toggler guest-mode inactive button button--tertiary" data-pid="7457865" data-add-url="https://www.continente.pt/on/demandware.store/Sites-continente-Site/default/Wishlist-AddProduct?pid=7457865" data-toggle="tooltip" aria-label="Adicionar aos favoritos " data-original-title="Adicionar aos favoritos" data-placement="top" tabindex="-1">
                        <svg class="active-content" width="100%" height="100%" viewBox="0 0 20 22" fill="none" xmlns="http://www.w3.org/2000/svg">
                        <path fill-rule="evenodd" clip-rule="evenodd" d="M0 1.53052C0 0.685236 0.692171 0 1.54601 0H15.0736C15.9274 0 16.6196 0.685235 16.6196 1.53052V13.4064L15.8127 13.922L14.2658 14.2658L12.7189 13.4064L10.6054 14.3818C10.4994 14.2451 10.3327 14.157 10.1452 14.157H6.76329C6.4431 14.157 6.18354 14.414 6.18354 14.731C6.18354 15.0479 6.4431 15.3049 6.76329 15.3049H10.1452C10.2478 15.3049 10.3441 15.2785 10.4277 15.2322L10.3126 16.8439L13.2345 20.2793H1.54601C0.69217 20.2793 0 19.5941 0 18.7488V1.53052ZM6.18354 5.5483C6.18354 5.23132 6.4431 4.97436 6.76329 4.97436H12.3676C12.6878 4.97436 12.9473 5.23132 12.9473 5.5483C12.9473 5.86528 12.6878 6.12224 12.3676 6.12224H6.76329C6.4431 6.12224 6.18354 5.86528 6.18354 5.5483ZM6.76329 11.0961C6.4431 11.0961 6.18354 11.3531 6.18354 11.6701C6.18354 11.987 6.4431 12.244 6.76329 12.244H12.3676C12.6878 12.244 12.9473 11.987 12.9473 11.6701C12.9473 11.3531 12.6878 11.0961 12.3676 11.0961H6.76329ZM6.18354 8.60985C6.18354 8.29287 6.4431 8.03591 6.76329 8.03591H12.3676C12.6878 8.03591 12.9473 8.29287 12.9473 8.60985C12.9473 8.92684 12.6878 9.1838 12.3676 9.1838H6.76329C6.4431 9.1838 6.18354 8.92684 6.18354 8.60985ZM3.67118 5.5483C3.67118 5.23132 3.93075 4.97436 4.25093 4.97436H4.63743C4.95762 4.97436 5.21719 5.23132 5.21719 5.5483C5.21719 5.86528 4.95762 6.12224 4.63743 6.12224H4.25093C3.93075 6.12224 3.67118 5.86528 3.67118 5.5483ZM4.25093 11.0961C3.93075 11.0961 3.67118 11.3531 3.67118 11.6701C3.67118 11.987 3.93075 12.244 4.25093 12.244H4.63743C4.95762 12.244 5.21719 11.987 5.21719 11.6701C5.21719 11.3531 4.95762 11.0961 4.63743 11.0961H4.25093ZM3.67118 8.60985C3.67118 8.29287 3.93075 8.03591 4.25093 8.03591H4.63743C4.95762 8.03591 5.21719 8.29287 5.21719 8.60985C5.21719 8.92684 4.95762 9.1838 4.63743 9.1838H4.25093C3.93075 9.1838 3.67118 8.92684 3.67118 8.60985ZM4.25093 14.157C3.93075 14.157 3.67118 14.414 3.67118 14.731C3.67118 15.0479 3.93075 15.3049 4.25093 15.3049H4.63743C4.95762 15.3049 5.21719 15.0479 5.21719 14.731C5.21719 14.414 4.95762 14.157 4.63743 14.157H4.25093Z" fill="#EB0203"></path>
                        <path fill-rule="evenodd" clip-rule="evenodd" d="M14.6252 13.6363C13.4918 12.6215 11.7817 12.5264 10.6569 13.4792C9.12421 14.7764 9.34841 16.8912 10.4409 18.0122L14.0159 21.6742C14.2197 21.8832 14.4928 22 14.7822 22C15.0737 22 15.3448 21.8852 15.5486 21.6762L19.1236 18.0142C20.214 16.8933 20.4423 14.7785 18.9075 13.4792C17.7827 12.5283 16.0724 12.6217 14.9391 13.6365C14.8855 13.6845 14.8331 13.7345 14.7822 13.7866C14.7313 13.7345 14.6789 13.6843 14.6252 13.6363ZM18.1546 14.3522C19.0973 15.1508 18.9962 16.4896 18.2891 17.2173C18.2888 17.2175 18.2886 17.2177 18.2884 17.218L14.7832 20.8084L11.2753 17.2151C11.2752 17.215 11.2751 17.2149 11.2749 17.2148C10.5677 16.4887 10.4678 15.1495 11.4104 14.3518L11.4108 14.3514C12.0745 13.7892 13.2018 13.82 13.9488 14.5846L14.7822 15.4378L15.6157 14.5846C16.3617 13.8211 17.4896 13.79 18.1545 14.3521" fill="#EB0203"></path>
                        </svg>
                        <svg class="inactive-content" width="100%" height="100%" viewBox="0 0 20 23" fill="none" xmlns="http://www.w3.org/2000/svg">
                        <path fill-rule="evenodd" clip-rule="evenodd" d="M6.18408 5.77914C6.18408 5.46223 6.44363 5.20532 6.7638 5.20532H12.3678C12.6879 5.20532 12.9475 5.46223 12.9475 5.77914C12.9475 6.09606 12.6879 6.35297 12.3678 6.35297H6.7638C6.44363 6.35297 6.18408 6.09606 6.18408 5.77914Z" fill="#EB0203"></path>
                        <path fill-rule="evenodd" clip-rule="evenodd" d="M6.18408 11.9034C6.18408 11.5865 6.44363 11.3296 6.7638 11.3296H12.3678C12.6879 11.3296 12.9475 11.5865 12.9475 11.9034C12.9475 12.2202 12.6879 12.4771 12.3678 12.4771H6.7638C6.44363 12.4771 6.18408 12.2202 6.18408 11.9034Z" fill="#EB0203"></path>
                        <path fill-rule="evenodd" clip-rule="evenodd" d="M6.18408 8.84116C6.18408 8.52424 6.44363 8.26733 6.7638 8.26733H12.3678C12.6879 8.26733 12.9475 8.52424 12.9475 8.84116C12.9475 9.15807 12.6879 9.41498 12.3678 9.41498H6.7638C6.44363 9.41498 6.18408 9.15807 6.18408 8.84116Z" fill="#EB0203"></path>
                        <path fill-rule="evenodd" clip-rule="evenodd" d="M6.18408 14.9655C6.18408 14.6486 6.44363 14.3917 6.7638 14.3917H10.1455C10.4657 14.3917 10.7252 14.6486 10.7252 14.9655C10.7252 15.2825 10.4657 15.5394 10.1455 15.5394H6.7638C6.44363 15.5394 6.18408 15.2825 6.18408 14.9655Z" fill="#EB0203"></path>
                        <path fill-rule="evenodd" clip-rule="evenodd" d="M3.67139 5.77914C3.67139 5.46223 3.93094 5.20532 4.25111 5.20532H4.63759C4.95776 5.20532 5.21731 5.46223 5.21731 5.77914C5.21731 6.09606 4.95776 6.35297 4.63759 6.35297H4.25111C3.93094 6.35297 3.67139 6.09606 3.67139 5.77914Z" fill="#EB0203"></path>
                        <path fill-rule="evenodd" clip-rule="evenodd" d="M3.67139 11.9034C3.67139 11.5865 3.93094 11.3296 4.25111 11.3296H4.63759C4.95776 11.3296 5.21731 11.5865 5.21731 11.9034C5.21731 12.2202 4.95776 12.4771 4.63759 12.4771H4.25111C3.93094 12.4771 3.67139 12.2202 3.67139 11.9034Z" fill="#EB0203"></path>
                        <path fill-rule="evenodd" clip-rule="evenodd" d="M3.67139 8.84116C3.67139 8.52424 3.93094 8.26733 4.25111 8.26733H4.63759C4.95776 8.26733 5.21731 8.52424 5.21731 8.84116C5.21731 9.15807 4.95776 9.41498 4.63759 9.41498H4.25111C3.93094 9.41498 3.67139 9.15807 3.67139 8.84116Z" fill="#EB0203"></path>
                        <path fill-rule="evenodd" clip-rule="evenodd" d="M3.67139 14.9655C3.67139 14.6486 3.93094 14.3917 4.25111 14.3917H4.63759C4.95776 14.3917 5.21731 14.6486 5.21731 14.9655C5.21731 15.2825 4.95776 15.5394 4.63759 15.5394H4.25111C3.93094 15.5394 3.67139 15.2825 3.67139 14.9655Z" fill="#EB0203"></path>
                        <path fill-rule="evenodd" clip-rule="evenodd" d="M0 1.76033C0 0.914738 0.692131 0.229248 1.54592 0.229248H15.0727C15.9265 0.229248 16.6186 0.914738 16.6186 1.76033V11.2818C16.6186 11.5989 16.3591 11.8559 16.0389 11.8559C15.7187 11.8559 15.4592 11.5989 15.4592 11.2818V1.76033C15.4592 1.54893 15.2862 1.37756 15.0727 1.37756H1.54592C1.33247 1.37756 1.15944 1.54893 1.15944 1.76033V18.985C1.15944 19.1964 1.33247 19.3678 1.54592 19.3678H9.27551C9.59568 19.3678 9.85523 19.6249 9.85523 19.942C9.85523 20.2591 9.59568 20.5161 9.27551 20.5161H1.54592C0.692131 20.5161 0 19.8306 0 18.985V1.76033Z" fill="#EB0203"></path>
                        <path fill-rule="evenodd" clip-rule="evenodd" d="M14.6254 13.8718C13.4921 12.8567 11.7821 12.7615 10.6574 13.7147C9.12472 15.0124 9.34891 17.128 10.4413 18.2493L14.0161 21.9126C14.2199 22.1217 14.493 22.2386 14.7824 22.2386C15.0739 22.2386 15.3449 22.1238 15.5487 21.9147L19.1235 18.2514C20.2139 17.13 20.4422 15.0144 18.9075 13.7147C17.7827 12.7634 16.0726 12.8569 14.9392 13.872C14.8856 13.92 14.8333 13.9701 14.7824 14.0222C14.7314 13.97 14.6791 13.9199 14.6254 13.8718ZM18.1546 14.588C19.0972 15.3869 18.9961 16.7262 18.2891 17.4541C18.2888 17.4543 18.2886 17.4546 18.2884 17.4548L14.7834 21.0466L11.2757 17.452C11.2756 17.4519 11.2755 17.4517 11.2753 17.4516C10.5681 16.7252 10.4682 15.3856 11.4108 14.5876L11.4112 14.5872C12.0748 14.0248 13.202 14.0556 13.949 14.8205L14.7824 15.674L15.6158 14.8205C16.3618 14.0567 17.4896 14.0256 18.1545 14.5879" fill="#EB0203"></path>
                        </svg>
                        </button>
                        </div>
                        <div class="col-sm-10 col-12">
                        <div class="ct-tile-quantity d-none" data-pid="7457865">
                        <input type="hidden" class="add-to-cart-url" value="https://www.continente.pt/on/demandware.store/Sites-continente-Site/default/Cart-AddProduct" tabindex="-1">
                        <div class="d-none tile-delete-confirmation-btn" data-pid="7457865" data-delay-time="3000" data-in-cart-msg="no carrinho" data-one-product-added="Adicionado ao carrinho" data-remove-from-cart-msg="Removido do carrinho" data-stay-open="6000.0" data-confirmation-image="{&quot;url&quot;:&quot;https://www.continente.pt/dw/image/v2/BDVS_PRD/on/demandware.static/-/Sites-col-master-catalog/default/dw478e3406/images/col/745/7457865-frente.jpg?sw=87&amp;sh=80&quot;,&quot;fallbackimage&quot;:{&quot;url&quot;:&quot;https://www.continente.pt/dw/image/v2/BDVS_PRD/on/demandware.static/Sites-continente-Site/-/default/dw7c42b4da/images/noimagelarge_product.png?sw=87&amp;sh=80&quot;,&quot;title&quot;:&quot;Gomas Monster Mix&quot;,&quot;alt&quot;:&quot;Gomas Monster Mix&quot;},&quot;title&quot;:&quot;Gomas Monster Mix&quot;,&quot;alt&quot;:&quot;Gomas Monster Mix&quot;}"></div>
                        <div class="ct-tile-quantity-update quantity-update product-qty-vue" data-remove-action="https://www.continente.pt/on/demandware.store/Sites-continente-Site/default/Cart-RemoveProductLineItem" data-action="https://www.continente.pt/on/demandware.store/Sites-continente-Site/default/Cart-UpdateQuantity" data-dimension-update="https://www.continente.pt/on/demandware.store/Sites-continente-Site/default/Cart-DimensionUpdate" data-pid="7457865" data-uuid="6dc59efe62c0e9c78f7c785a22" data-add-delay="500.0" data-measure-options="{&quot;hasConversionRate&quot;:false,&quot;hasAlternativeSaleUnit&quot;:false,&quot;unitConversionRate&quot;:0,&quot;minOrderQuantity&quot;:1,&quot;stepQuantity&quot;:1,&quot;primaryunit&quot;:&quot;un&quot;,&quot;secondaryunit&quot;:&quot;kg&quot;,&quot;selectedunit&quot;:&quot;primary&quot;,&quot;maxNumberOfUnitsPerSale&quot;:50}" data-price-available="null" :data-has-error="isMaxQtyReached || isMinQtyReached || qtySelectedMoreThanOne">
                        <template v-show="prodUnits">
                        <div class="quantity-input-wrapper has-units">
                        <label class="visually-hidden" :for="'quantity-' + pid + additionalTag">
                        Quantidade no carrinho
                        </label>
                        <input :ref="'quantityInput-' + pid + additionalTag" class="add-to-cart-quantity form-control ct-form-input text-center" inputmode="numeric" :class="{'is-invalid': isInvalid}" :data-pid="pid + additionalTag" :name="'quantity-' + pid + additionalTag" type="text" aria-label="Insira a quantidade" title="" v-model="displayValue" @change="updateQuantity" @focus="updateQtyFormat" @blur="restoreQtyFormat" :disabled="!isPriceAvailable">
                        <span class="quantity-icon quantity-icon--minus">
                        <button class="decrease-quantity-btn" @click="updateQuantity" :disabled="!isPriceAvailable" role="button" aria-label="Reduzir quantidade">
                        <i class="css-math-minus"></i>
                        </button>
                        </span>
                        <span class="quantity-icon quantity-icon--plus">
                        <button class="increase-quantity-btn" @click="updateQuantity" :disabled="isMaxQtyReached || !isPriceAvailable" role="button" aria-label="Aumentar quantidade">
                        <i class="css-math-plus"></i>
                        </button>
                        <span class="quantity-btn-disabled-placeholder"></span>
                        </span>
                        <template v-if="isPDP">
                        <span class="quantity-error ct-span-error text-sm-center product-max-allocation" v-if="isMaxQtyReached">
                        Quantidade máxima atingida
                        </span>
                        <span class="quantity-error ct-span-product text-sm-center product-allocation" v-if="!isMinQtyReached &amp;&amp; !isMaxQtyReached">
                        {{quantitySelected}} no carrinho
                        </span>
                        <span class="quantity-error ct-span-error text-sm-center product-min-allocation" :data-pid="pid" v-if="isMinQtyReached &amp;&amp; !isMaxQtyReached">
                        Quantidade mínima atingida
                        </span>
                        </template>
                        </div>
                        <template v-if="showNotes">
                        <div class="add-note-link-container ">
                        <div class="add-note">
                        <a href="/produto/gomas-monster-mix-vidal-7457865.html?showNote=true" class="ct-add-note-redirect-pdp" aria-label="Adicionar comentário">
                        <span class="svg-wrapper svg-icon-notes" style="width:19px; height:20px">
                        <svg class="svg-inline icon-notes" viewBox="0 0 28 30" xmlns="http://www.w3.org/2000/svg" width="100%" height="100%"><path d="M21.738 0C22.985 0 24 1.04 24 2.319V12.47c0 .469-.37.848-.828.848-.457 0-.827-.38-.827-.848V2.32c0-.343-.273-.622-.607-.622H2.262c-.334 0-.607.279-.607.622V27.68c0 .343.273.622.607.622h7.81c.457 0 .827.38.827.849 0 .468-.37.848-.827.848h-7.81C1.015 30 0 28.96 0 27.681V2.32C0 1.04 1.015 0 2.262 0h19.476zm2.844 16.004l.227.007c.823.053 1.589.39 2.176.964.64.627.993 1.46.993 2.349 0 .888-.353 1.722-.993 2.348l-6.83 6.665c-.11.108-.247.186-.397.226l-5.032 1.363c-.078.021-.16.032-.241.032-.242 0-.478-.097-.647-.266-.23-.231-.314-.566-.218-.874l1.49-4.798c.044-.139.122-.266.227-.369l6.844-6.677c.64-.625 1.493-.97 2.401-.97zm-2.886 3.94l-4.922 4.802-.947 3.048 3.22-.872 4.897-4.78-2.248-2.197zm2.887-2.174c-.425 0-.824.162-1.124.455l-.484.472 2.248 2.197.484-.472c.62-.606.62-1.591 0-2.197l-.117-.104c-.283-.227-.636-.35-1.007-.35zm-10.839.022c.498 0 .904.396.904.883 0 .488-.406.884-.904.884H5.946c-.499 0-.904-.396-.904-.884 0-.487.405-.883.904-.883zm5.042-4.876c.498 0 .904.397.904.884s-.406.884-.904.884H5.946c-.499 0-.904-.397-.904-.884s.405-.884.904-.884zm0-4.875c.498 0 .904.396.904.884 0 .487-.406.883-.904.883H5.946c-.499 0-.904-.396-.904-.883 0-.488.405-.884.904-.884z" fill="#EB0203" fill-rule="evenodd"></path></svg>
                        </span>
                        <div class="available-note d-none"></div>
                        </a>
                        </div>
                        </div>
                        </template>
                        <div class="measurement-unit-section" v-if="isPriceAvailable &amp;&amp; prodUnits ? prodUnits.hasAlternativeUnit : false">
                        <div class="ct-form-radio" @click="setDimension">
                        <input type="radio" title="" class="ct-form-check-input product-measurement-unit" :data-type="prodUnits.selectedUnit == prodUnits.secondaryUnit ? 'primary' : ''" :id="prodUnits.secondaryUnit + '-' + pid + '-measurement-unit-ptile' + additionalTag" :name="'measurement-unit-' + pid + '-ptile' + additionalTag" :value="prodUnits.secondaryUnit" v-model="prodUnits.selectedUnit">
                        <label :class="prodUnits.secondaryUnit + '-label ct-form-check-label mb-0'" :for="prodUnits.secondaryUnit + '-' + pid + '-measurement-unit-ptile' + additionalTag">
                        {{prodUnits.secondaryUnit}}
                        </label>
                        <span class="checkmark"></span>
                        </div>
                        <div class="ct-form-radio" @click="setDimension">
                        <input type="radio" title="" class="ct-form-check-input product-measurement-unit" :data-type="prodUnits.selectedUnit == prodUnits.primaryUnit ? 'primary' : ''" :id="prodUnits.primaryUnit + '-' + pid + '-measurement-unit-ptile' + additionalTag" :name="'measurement-unit-' + pid + '-ptile' + additionalTag" :value="prodUnits.primaryUnit" v-model="prodUnits.selectedUnit">
                        <label :class="prodUnits.primaryUnit + '-label ct-form-check-label mb-0'" :for="prodUnits.primaryUnit + '-' + pid + '-measurement-unit-ptile' + additionalTag">
                        {{prodUnits.primaryUnit}}
                        </label>
                        <span class="checkmark"></span>
                        </div>
                        </div>
                        <template v-if="!isPDP &amp;&amp; isPriceAvailable">
                        <span class="quantity-error ct-span-error product-max-allocation" v-if="isMaxQtyReached">
                        Quantidade máxima atingida
                        </span>
                        <span class="quantity-error ct-span-product product-allocation" v-if="!isMinQtyReached &amp;&amp; !isMaxQtyReached">
                        {{quantitySelected}} no carrinho
                        </span>
                        <span class="quantity-error ct-span-error product-min-allocation" :data-pid="pid" v-if="isMinQtyReached &amp;&amp; !isMaxQtyReached">
                        Quantidade mínima atingida
                        </span>
                        </template>
                        </template>
                        </div>
                        <input class="quantity-value-mask d-none" name="quantity" type="number" min="0" value="" tabindex="-1">
                        </div>
                        <button type="button" class="add-to-cart button js-add-to-cart js-add-to-cart-tile 7457865 button--primary dynamic-layout-btn" data-toggle="modal" data-target="#chooseBonusProductModal" data-pid="7457865" data-quantity-value="null" aria-label="Carrinho" tabindex="-1">
                        <span class="d-block d-sm-none">
                        <span class="svg-wrapper svg-icon-cart" style="width:20px; height:20px">
                        <svg class="svg-inline icon-cart" xmlns="http://www.w3.org/2000/svg" viewBox="0 0 500 500" width="100%" height="100%"><path fill="#EB0203" fill-rule="evenodd" d="M 485.67317,94.386311 C 476.37798,83.847129 463.09468,78.03348 448.30404,78.03348 H 90.690813 L 87.079511,51.327997 C 83.185582,22.539551 62.962285,0 41.011841,0 H 14.727836 C 6.563151,0 0,6.5286975 0,14.580758 c 0,8.05206 6.5945535,14.580758 14.727836,14.580758 h 26.284005 c 4.710398,0 14.696435,9.855222 16.894619,26.021523 L 100.01739,368.0631 c 1.88416,13.77244 9.01256,26.70549 20.1605,36.37417 8.25889,7.15046 18.02511,11.9071 28.26237,13.89679 -4.17655,7.58572 -6.53175,16.25957 -6.53175,25.493 0,29.53459 24.27424,53.59751 54.13815,53.59751 29.8325,0 54.13814,-24.03184 54.13814,-53.59751 0,-8.79818 -2.19818,-17.09897 -5.9979,-24.43598 h 77.12488 c -3.79973,7.33701 -5.96652,15.6378 -5.96652,24.43598 0,29.53459 24.27424,53.59751 54.13817,53.59751 29.83249,0 54.13814,-24.03184 54.13814,-53.59751 0,-8.79818 -2.1982,-17.09897 -5.9979,-24.43598 h 38.56243 c 8.13328,0 14.72783,-6.5287 14.72783,-14.61183 0,-8.02098 -6.59455,-14.54967 -14.72783,-14.54967 H 159.24277 c -14.38241,0 -28.13677,-11.90711 -30.02092,-26.02153 l -3.07746,-22.88154 h 290.6314 c 14.03698,0 27.94834,-5.28513 39.06488,-14.95381 11.11652,-9.6376 18.27632,-22.57065 20.16048,-36.37417 l 21.10259,-156.78201 c 1.94694,-14.51858 -2.10398,-28.29103 -11.43057,-38.861299 z M 220.76053,443.82706 c 0,13.49265 -11.08513,24.46709 -24.68247,24.46709 -13.62874,0 -24.71387,-10.97444 -24.71387,-24.46709 0,-13.49262 11.08513,-24.43598 24.71387,-24.43598 13.59734,0 24.68247,10.94336 24.68247,24.43598 z m 173.43675,0 c 0,13.49265 -11.08512,24.46709 -24.68245,24.46709 -13.62876,0 -24.71388,-10.97444 -24.71388,-24.46709 0,-13.49262 11.08512,-24.43598 24.71388,-24.43598 13.59733,0 24.68245,10.94336 24.68245,24.43598 z m 73.7648,-314.46558 -21.13397,156.782 c -1.88416,14.11442 -15.63851,26.05261 -30.02091,26.05261 H 122.25046 L 94.616142,107.19499 H 448.33544 c 6.18632,0 11.61896,2.2695 15.23028,6.37326 3.64269,4.13484 5.21283,9.73086 4.39636,15.79323 z"></path></svg>
                        </span>
                        </span>
                        <span class="add-to-cart--text d-none d-sm-block">Carrinho</span>
                        </button>
                        </div>
                        </div>
                        </div>
                        </div>
                        
                        <div class="col-12 d-sm-none">
                        </div>
                        </div>
                        </div>
                        </div>
                        </div><div class="pd-tile-wrap slick-slide slick-cloned" data-idx="10" style="height: auto; width: 221px;" data-slick-index="-1" id="" aria-hidden="true" tabindex="-1">
                        
                        <script type="text/javascript">//<!--
                        /* <![CDATA[ */
                        (function(){
                        try {
                            if(window.CQuotient) {
                                var cq_params = {};
                                cq_params.cookieId = window.CQuotient.getCQCookieId();
                                cq_params.userId = window.CQuotient.getCQUserId();
                                cq_params.emailId = CQuotient.getCQHashedEmail();
                                cq_params.loginId = CQuotient.getCQHashedLogin();
                                cq_params.accumulate = true;
                                cq_params.products = [{
                                    id: '7519437',
                                    sku: '',
                                    type: '',
                                    alt_id: ''
                                }];
                                cq_params.recommenderName = 'FOOD-MERCEARIA';
                                cq_params.realm = "BDVS";
                                cq_params.siteId = "continente";
                                cq_params.instanceType = "prd";
                                cq_params.locale = window.CQuotient.locale;
                                cq_params.slotId = 'col-category-product-recommendations';
                                cq_params.slotConfigId = 'FOOD Recommender Mercearia - Einstein';
                                cq_params.slotConfigTemplate = 'slots\/recommendation\/recommendedProductsCLP.isml';
                                if(window.CQuotient.sendActivity)
                                    window.CQuotient.sendActivity( CQuotient.clientId, 'viewReco', cq_params );
                                else
                                    window.CQuotient.activities.push( {activityType: 'viewReco', parameters: cq_params} );
                            }
                        } catch(err) {}
                        })();
                        /* ]]> */
                        // -->
                        </script>
                        <script type="text/javascript">//<!--
                        /* <![CDATA[ (viewProduct-active_data.js) */
                        dw.ac._capture({id: "7519437", type: "recommendation"});
                        /* ]]> */
                        // -->
                        </script>
                        <div class="product" data-pid="7519437">
                        <div class="product-tile pid-7519437   ct-product-tile " data-delay-time="3000" data-variants-mapping="[]" data-in-cart-msg="no carrinho" data-one-product-added="Adicionado ao carrinho" data-remove-from-cart-msg="Removido do carrinho" data-stay-open="6000.0" data-product-tile-impression="{&quot;name&quot;:&quot;7519437&quot;,&quot;id&quot;:&quot;7519437&quot;,&quot;price&quot;:2.29,&quot;brand&quot;:&quot;Lays Gourmet&quot;,&quot;category&quot;:[{&quot;category_level_1&quot;:&quot;Mercearia&quot;},{&quot;category_level_2&quot;:&quot;Snacks e Batatas Fritas&quot;},{&quot;category_level_3&quot;:&quot;Batatas Fritas&quot;}],&quot;variant&quot;:&quot;&quot;}">
                        <div class="ct-inner-tile-wrap row no-gutters justify-content-center align-content-start">
                        
                        <div class="ct-image-container col-4 col-sm" data-confirmation-image="{&quot;url&quot;:&quot;https://www.continente.pt/dw/image/v2/BDVS_PRD/on/demandware.static/-/Sites-col-master-catalog/default/dwf8e1fa0c/images/col/751/7519437-frente.jpg?sw=87&amp;sh=80&quot;,&quot;fallbackimage&quot;:{&quot;url&quot;:&quot;https://www.continente.pt/dw/image/v2/BDVS_PRD/on/demandware.static/Sites-continente-Site/-/default/dw7c42b4da/images/noimagelarge_product.png?sw=87&amp;sh=80&quot;,&quot;title&quot;:&quot;Batata Frita Gourmet Original&quot;,&quot;alt&quot;:&quot;Batata Frita Gourmet Original&quot;},&quot;title&quot;:&quot;Batata Frita Gourmet Original&quot;,&quot;alt&quot;:&quot;Batata Frita Gourmet Original&quot;}">
                        <a href="https://www.continente.pt/produto/batata-frita-gourmet-original-lays-gourmet-7519437.html?cgid=home" tabindex="-1">
                        <picture class="intrinsic intrinsic--square">
                        <img class="ct-tile-image lazyloaded" loading="lazy" onerror="this.onerror=null;this.src='/on/demandware.static/Sites-continente-Site/-/default/dw7c42b4da/images/noimagelarge_product.png';" data-src="https://www.continente.pt/dw/image/v2/BDVS_PRD/on/demandware.static/-/Sites-col-master-catalog/default/dwf8e1fa0c/images/col/751/7519437-frente.jpg?sw=280&amp;sh=280" alt="Batata Frita Gourmet Original" title="Batata Frita Gourmet Original" src="https://www.continente.pt/dw/image/v2/BDVS_PRD/on/demandware.static/-/Sites-col-master-catalog/default/dwf8e1fa0c/images/col/751/7519437-frente.jpg?sw=280&amp;sh=280">
                        </picture>
                        </a>
                        <div class="color-swatches d-flex" style="margin-left: 5px;">
                        <div class="swatches d-flex">
                        </div>
                        </div>
                        </div>
                        <div class="ct-tile-body col col-sm-auto ">
                        <div class="ct-pdp-details">
                        <div class="ct-pdp-link">
                        <a class="ct-tile--description" href="https://www.continente.pt/produto/batata-frita-gourmet-original-lays-gourmet-7519437.html?cgid=home" tabindex="-1">Batata Frita Gourmet Original</a>
                        <div class="ct-tile--favorite-top d-sm-none">
                        <button class="wishlist-toggler guest-mode inactive button button--tertiary" data-pid="7519437" data-add-url="https://www.continente.pt/on/demandware.store/Sites-continente-Site/default/Wishlist-AddProduct?pid=7519437" data-toggle="tooltip" aria-label="Adicionar aos favoritos " data-original-title="Adicionar aos favoritos" data-placement="top" tabindex="-1">
                        <svg class="active-content" width="100%" height="100%" viewBox="0 0 20 22" fill="none" xmlns="http://www.w3.org/2000/svg">
                        <path fill-rule="evenodd" clip-rule="evenodd" d="M0 1.53052C0 0.685236 0.692171 0 1.54601 0H15.0736C15.9274 0 16.6196 0.685235 16.6196 1.53052V13.4064L15.8127 13.922L14.2658 14.2658L12.7189 13.4064L10.6054 14.3818C10.4994 14.2451 10.3327 14.157 10.1452 14.157H6.76329C6.4431 14.157 6.18354 14.414 6.18354 14.731C6.18354 15.0479 6.4431 15.3049 6.76329 15.3049H10.1452C10.2478 15.3049 10.3441 15.2785 10.4277 15.2322L10.3126 16.8439L13.2345 20.2793H1.54601C0.69217 20.2793 0 19.5941 0 18.7488V1.53052ZM6.18354 5.5483C6.18354 5.23132 6.4431 4.97436 6.76329 4.97436H12.3676C12.6878 4.97436 12.9473 5.23132 12.9473 5.5483C12.9473 5.86528 12.6878 6.12224 12.3676 6.12224H6.76329C6.4431 6.12224 6.18354 5.86528 6.18354 5.5483ZM6.76329 11.0961C6.4431 11.0961 6.18354 11.3531 6.18354 11.6701C6.18354 11.987 6.4431 12.244 6.76329 12.244H12.3676C12.6878 12.244 12.9473 11.987 12.9473 11.6701C12.9473 11.3531 12.6878 11.0961 12.3676 11.0961H6.76329ZM6.18354 8.60985C6.18354 8.29287 6.4431 8.03591 6.76329 8.03591H12.3676C12.6878 8.03591 12.9473 8.29287 12.9473 8.60985C12.9473 8.92684 12.6878 9.1838 12.3676 9.1838H6.76329C6.4431 9.1838 6.18354 8.92684 6.18354 8.60985ZM3.67118 5.5483C3.67118 5.23132 3.93075 4.97436 4.25093 4.97436H4.63743C4.95762 4.97436 5.21719 5.23132 5.21719 5.5483C5.21719 5.86528 4.95762 6.12224 4.63743 6.12224H4.25093C3.93075 6.12224 3.67118 5.86528 3.67118 5.5483ZM4.25093 11.0961C3.93075 11.0961 3.67118 11.3531 3.67118 11.6701C3.67118 11.987 3.93075 12.244 4.25093 12.244H4.63743C4.95762 12.244 5.21719 11.987 5.21719 11.6701C5.21719 11.3531 4.95762 11.0961 4.63743 11.0961H4.25093ZM3.67118 8.60985C3.67118 8.29287 3.93075 8.03591 4.25093 8.03591H4.63743C4.95762 8.03591 5.21719 8.29287 5.21719 8.60985C5.21719 8.92684 4.95762 9.1838 4.63743 9.1838H4.25093C3.93075 9.1838 3.67118 8.92684 3.67118 8.60985ZM4.25093 14.157C3.93075 14.157 3.67118 14.414 3.67118 14.731C3.67118 15.0479 3.93075 15.3049 4.25093 15.3049H4.63743C4.95762 15.3049 5.21719 15.0479 5.21719 14.731C5.21719 14.414 4.95762 14.157 4.63743 14.157H4.25093Z" fill="#EB0203"></path>
                        <path fill-rule="evenodd" clip-rule="evenodd" d="M14.6252 13.6363C13.4918 12.6215 11.7817 12.5264 10.6569 13.4792C9.12421 14.7764 9.34841 16.8912 10.4409 18.0122L14.0159 21.6742C14.2197 21.8832 14.4928 22 14.7822 22C15.0737 22 15.3448 21.8852 15.5486 21.6762L19.1236 18.0142C20.214 16.8933 20.4423 14.7785 18.9075 13.4792C17.7827 12.5283 16.0724 12.6217 14.9391 13.6365C14.8855 13.6845 14.8331 13.7345 14.7822 13.7866C14.7313 13.7345 14.6789 13.6843 14.6252 13.6363ZM18.1546 14.3522C19.0973 15.1508 18.9962 16.4896 18.2891 17.2173C18.2888 17.2175 18.2886 17.2177 18.2884 17.218L14.7832 20.8084L11.2753 17.2151C11.2752 17.215 11.2751 17.2149 11.2749 17.2148C10.5677 16.4887 10.4678 15.1495 11.4104 14.3518L11.4108 14.3514C12.0745 13.7892 13.2018 13.82 13.9488 14.5846L14.7822 15.4378L15.6157 14.5846C16.3617 13.8211 17.4896 13.79 18.1545 14.3521" fill="#EB0203"></path>
                        </svg>
                        <svg class="inactive-content" width="100%" height="100%" viewBox="0 0 20 23" fill="none" xmlns="http://www.w3.org/2000/svg">
                        <path fill-rule="evenodd" clip-rule="evenodd" d="M6.18408 5.77914C6.18408 5.46223 6.44363 5.20532 6.7638 5.20532H12.3678C12.6879 5.20532 12.9475 5.46223 12.9475 5.77914C12.9475 6.09606 12.6879 6.35297 12.3678 6.35297H6.7638C6.44363 6.35297 6.18408 6.09606 6.18408 5.77914Z" fill="#EB0203"></path>
                        <path fill-rule="evenodd" clip-rule="evenodd" d="M6.18408 11.9034C6.18408 11.5865 6.44363 11.3296 6.7638 11.3296H12.3678C12.6879 11.3296 12.9475 11.5865 12.9475 11.9034C12.9475 12.2202 12.6879 12.4771 12.3678 12.4771H6.7638C6.44363 12.4771 6.18408 12.2202 6.18408 11.9034Z" fill="#EB0203"></path>
                        <path fill-rule="evenodd" clip-rule="evenodd" d="M6.18408 8.84116C6.18408 8.52424 6.44363 8.26733 6.7638 8.26733H12.3678C12.6879 8.26733 12.9475 8.52424 12.9475 8.84116C12.9475 9.15807 12.6879 9.41498 12.3678 9.41498H6.7638C6.44363 9.41498 6.18408 9.15807 6.18408 8.84116Z" fill="#EB0203"></path>
                        <path fill-rule="evenodd" clip-rule="evenodd" d="M6.18408 14.9655C6.18408 14.6486 6.44363 14.3917 6.7638 14.3917H10.1455C10.4657 14.3917 10.7252 14.6486 10.7252 14.9655C10.7252 15.2825 10.4657 15.5394 10.1455 15.5394H6.7638C6.44363 15.5394 6.18408 15.2825 6.18408 14.9655Z" fill="#EB0203"></path>
                        <path fill-rule="evenodd" clip-rule="evenodd" d="M3.67139 5.77914C3.67139 5.46223 3.93094 5.20532 4.25111 5.20532H4.63759C4.95776 5.20532 5.21731 5.46223 5.21731 5.77914C5.21731 6.09606 4.95776 6.35297 4.63759 6.35297H4.25111C3.93094 6.35297 3.67139 6.09606 3.67139 5.77914Z" fill="#EB0203"></path>
                        <path fill-rule="evenodd" clip-rule="evenodd" d="M3.67139 11.9034C3.67139 11.5865 3.93094 11.3296 4.25111 11.3296H4.63759C4.95776 11.3296 5.21731 11.5865 5.21731 11.9034C5.21731 12.2202 4.95776 12.4771 4.63759 12.4771H4.25111C3.93094 12.4771 3.67139 12.2202 3.67139 11.9034Z" fill="#EB0203"></path>
                        <path fill-rule="evenodd" clip-rule="evenodd" d="M3.67139 8.84116C3.67139 8.52424 3.93094 8.26733 4.25111 8.26733H4.63759C4.95776 8.26733 5.21731 8.52424 5.21731 8.84116C5.21731 9.15807 4.95776 9.41498 4.63759 9.41498H4.25111C3.93094 9.41498 3.67139 9.15807 3.67139 8.84116Z" fill="#EB0203"></path>
                        <path fill-rule="evenodd" clip-rule="evenodd" d="M3.67139 14.9655C3.67139 14.6486 3.93094 14.3917 4.25111 14.3917H4.63759C4.95776 14.3917 5.21731 14.6486 5.21731 14.9655C5.21731 15.2825 4.95776 15.5394 4.63759 15.5394H4.25111C3.93094 15.5394 3.67139 15.2825 3.67139 14.9655Z" fill="#EB0203"></path>
                        <path fill-rule="evenodd" clip-rule="evenodd" d="M0 1.76033C0 0.914738 0.692131 0.229248 1.54592 0.229248H15.0727C15.9265 0.229248 16.6186 0.914738 16.6186 1.76033V11.2818C16.6186 11.5989 16.3591 11.8559 16.0389 11.8559C15.7187 11.8559 15.4592 11.5989 15.4592 11.2818V1.76033C15.4592 1.54893 15.2862 1.37756 15.0727 1.37756H1.54592C1.33247 1.37756 1.15944 1.54893 1.15944 1.76033V18.985C1.15944 19.1964 1.33247 19.3678 1.54592 19.3678H9.27551C9.59568 19.3678 9.85523 19.6249 9.85523 19.942C9.85523 20.2591 9.59568 20.5161 9.27551 20.5161H1.54592C0.692131 20.5161 0 19.8306 0 18.985V1.76033Z" fill="#EB0203"></path>
                        <path fill-rule="evenodd" clip-rule="evenodd" d="M14.6254 13.8718C13.4921 12.8567 11.7821 12.7615 10.6574 13.7147C9.12472 15.0124 9.34891 17.128 10.4413 18.2493L14.0161 21.9126C14.2199 22.1217 14.493 22.2386 14.7824 22.2386C15.0739 22.2386 15.3449 22.1238 15.5487 21.9147L19.1235 18.2514C20.2139 17.13 20.4422 15.0144 18.9075 13.7147C17.7827 12.7634 16.0726 12.8569 14.9392 13.872C14.8856 13.92 14.8333 13.9701 14.7824 14.0222C14.7314 13.97 14.6791 13.9199 14.6254 13.8718ZM18.1546 14.588C19.0972 15.3869 18.9961 16.7262 18.2891 17.4541C18.2888 17.4543 18.2886 17.4546 18.2884 17.4548L14.7834 21.0466L11.2757 17.452C11.2756 17.4519 11.2755 17.4517 11.2753 17.4516C10.5681 16.7252 10.4682 15.3856 11.4108 14.5876L11.4112 14.5872C12.0748 14.0248 13.202 14.0556 13.949 14.8205L14.7824 15.674L15.6158 14.8205C16.3618 14.0567 17.4896 14.0256 18.1545 14.5879" fill="#EB0203"></path>
                        </svg>
                        </button>
                        </div>
                        </div>
                        <p class="ct-tile--brand">Lay's Gourmet</p>
                        <p class="ct-tile--quantity">emb. 170 gr</p>
                        </div>
                        <div class="ct-tile-bottom row no-gutters justify-content-between">
                        <div class="ct-price-wrap col-8 col-sm-12">
                        <div class="price js-product-price">
                        <div class="prices-wrapper">
                        <span class="sales ct-tile--price-primary ">
                        <span class="value" content="2.29">
                        <span class="ct-price-formatted">
                        €2,29
                        </span>
                        <span class="ct-m-unit">
                        /un
                        </span>
                        </span>
                        </span>
                        </div>
                        <div class="ct-tile--price-secondary">
                        <span class="ct-price-value">
                        €13,47
                        </span>
                        <span class="ct-m-unit">
                        /kg
                        </span>
                        </div>
                        </div>
                        </div>
                        <div class="ct-tile-buy-section d-flex justify-content-center no-gutters col-auto col-sm-12">
                        <div class="col-2 d-sm-flex d-none">
                        <button class="wishlist-toggler guest-mode inactive button button--tertiary" data-pid="7519437" data-add-url="https://www.continente.pt/on/demandware.store/Sites-continente-Site/default/Wishlist-AddProduct?pid=7519437" data-toggle="tooltip" aria-label="Adicionar aos favoritos " data-original-title="Adicionar aos favoritos" data-placement="top" tabindex="-1">
                        <svg class="active-content" width="100%" height="100%" viewBox="0 0 20 22" fill="none" xmlns="http://www.w3.org/2000/svg">
                        <path fill-rule="evenodd" clip-rule="evenodd" d="M0 1.53052C0 0.685236 0.692171 0 1.54601 0H15.0736C15.9274 0 16.6196 0.685235 16.6196 1.53052V13.4064L15.8127 13.922L14.2658 14.2658L12.7189 13.4064L10.6054 14.3818C10.4994 14.2451 10.3327 14.157 10.1452 14.157H6.76329C6.4431 14.157 6.18354 14.414 6.18354 14.731C6.18354 15.0479 6.4431 15.3049 6.76329 15.3049H10.1452C10.2478 15.3049 10.3441 15.2785 10.4277 15.2322L10.3126 16.8439L13.2345 20.2793H1.54601C0.69217 20.2793 0 19.5941 0 18.7488V1.53052ZM6.18354 5.5483C6.18354 5.23132 6.4431 4.97436 6.76329 4.97436H12.3676C12.6878 4.97436 12.9473 5.23132 12.9473 5.5483C12.9473 5.86528 12.6878 6.12224 12.3676 6.12224H6.76329C6.4431 6.12224 6.18354 5.86528 6.18354 5.5483ZM6.76329 11.0961C6.4431 11.0961 6.18354 11.3531 6.18354 11.6701C6.18354 11.987 6.4431 12.244 6.76329 12.244H12.3676C12.6878 12.244 12.9473 11.987 12.9473 11.6701C12.9473 11.3531 12.6878 11.0961 12.3676 11.0961H6.76329ZM6.18354 8.60985C6.18354 8.29287 6.4431 8.03591 6.76329 8.03591H12.3676C12.6878 8.03591 12.9473 8.29287 12.9473 8.60985C12.9473 8.92684 12.6878 9.1838 12.3676 9.1838H6.76329C6.4431 9.1838 6.18354 8.92684 6.18354 8.60985ZM3.67118 5.5483C3.67118 5.23132 3.93075 4.97436 4.25093 4.97436H4.63743C4.95762 4.97436 5.21719 5.23132 5.21719 5.5483C5.21719 5.86528 4.95762 6.12224 4.63743 6.12224H4.25093C3.93075 6.12224 3.67118 5.86528 3.67118 5.5483ZM4.25093 11.0961C3.93075 11.0961 3.67118 11.3531 3.67118 11.6701C3.67118 11.987 3.93075 12.244 4.25093 12.244H4.63743C4.95762 12.244 5.21719 11.987 5.21719 11.6701C5.21719 11.3531 4.95762 11.0961 4.63743 11.0961H4.25093ZM3.67118 8.60985C3.67118 8.29287 3.93075 8.03591 4.25093 8.03591H4.63743C4.95762 8.03591 5.21719 8.29287 5.21719 8.60985C5.21719 8.92684 4.95762 9.1838 4.63743 9.1838H4.25093C3.93075 9.1838 3.67118 8.92684 3.67118 8.60985ZM4.25093 14.157C3.93075 14.157 3.67118 14.414 3.67118 14.731C3.67118 15.0479 3.93075 15.3049 4.25093 15.3049H4.63743C4.95762 15.3049 5.21719 15.0479 5.21719 14.731C5.21719 14.414 4.95762 14.157 4.63743 14.157H4.25093Z" fill="#EB0203"></path>
                        <path fill-rule="evenodd" clip-rule="evenodd" d="M14.6252 13.6363C13.4918 12.6215 11.7817 12.5264 10.6569 13.4792C9.12421 14.7764 9.34841 16.8912 10.4409 18.0122L14.0159 21.6742C14.2197 21.8832 14.4928 22 14.7822 22C15.0737 22 15.3448 21.8852 15.5486 21.6762L19.1236 18.0142C20.214 16.8933 20.4423 14.7785 18.9075 13.4792C17.7827 12.5283 16.0724 12.6217 14.9391 13.6365C14.8855 13.6845 14.8331 13.7345 14.7822 13.7866C14.7313 13.7345 14.6789 13.6843 14.6252 13.6363ZM18.1546 14.3522C19.0973 15.1508 18.9962 16.4896 18.2891 17.2173C18.2888 17.2175 18.2886 17.2177 18.2884 17.218L14.7832 20.8084L11.2753 17.2151C11.2752 17.215 11.2751 17.2149 11.2749 17.2148C10.5677 16.4887 10.4678 15.1495 11.4104 14.3518L11.4108 14.3514C12.0745 13.7892 13.2018 13.82 13.9488 14.5846L14.7822 15.4378L15.6157 14.5846C16.3617 13.8211 17.4896 13.79 18.1545 14.3521" fill="#EB0203"></path>
                        </svg>
                        <svg class="inactive-content" width="100%" height="100%" viewBox="0 0 20 23" fill="none" xmlns="http://www.w3.org/2000/svg">
                        <path fill-rule="evenodd" clip-rule="evenodd" d="M6.18408 5.77914C6.18408 5.46223 6.44363 5.20532 6.7638 5.20532H12.3678C12.6879 5.20532 12.9475 5.46223 12.9475 5.77914C12.9475 6.09606 12.6879 6.35297 12.3678 6.35297H6.7638C6.44363 6.35297 6.18408 6.09606 6.18408 5.77914Z" fill="#EB0203"></path>
                        <path fill-rule="evenodd" clip-rule="evenodd" d="M6.18408 11.9034C6.18408 11.5865 6.44363 11.3296 6.7638 11.3296H12.3678C12.6879 11.3296 12.9475 11.5865 12.9475 11.9034C12.9475 12.2202 12.6879 12.4771 12.3678 12.4771H6.7638C6.44363 12.4771 6.18408 12.2202 6.18408 11.9034Z" fill="#EB0203"></path>
                        <path fill-rule="evenodd" clip-rule="evenodd" d="M6.18408 8.84116C6.18408 8.52424 6.44363 8.26733 6.7638 8.26733H12.3678C12.6879 8.26733 12.9475 8.52424 12.9475 8.84116C12.9475 9.15807 12.6879 9.41498 12.3678 9.41498H6.7638C6.44363 9.41498 6.18408 9.15807 6.18408 8.84116Z" fill="#EB0203"></path>
                        <path fill-rule="evenodd" clip-rule="evenodd" d="M6.18408 14.9655C6.18408 14.6486 6.44363 14.3917 6.7638 14.3917H10.1455C10.4657 14.3917 10.7252 14.6486 10.7252 14.9655C10.7252 15.2825 10.4657 15.5394 10.1455 15.5394H6.7638C6.44363 15.5394 6.18408 15.2825 6.18408 14.9655Z" fill="#EB0203"></path>
                        <path fill-rule="evenodd" clip-rule="evenodd" d="M3.67139 5.77914C3.67139 5.46223 3.93094 5.20532 4.25111 5.20532H4.63759C4.95776 5.20532 5.21731 5.46223 5.21731 5.77914C5.21731 6.09606 4.95776 6.35297 4.63759 6.35297H4.25111C3.93094 6.35297 3.67139 6.09606 3.67139 5.77914Z" fill="#EB0203"></path>
                        <path fill-rule="evenodd" clip-rule="evenodd" d="M3.67139 11.9034C3.67139 11.5865 3.93094 11.3296 4.25111 11.3296H4.63759C4.95776 11.3296 5.21731 11.5865 5.21731 11.9034C5.21731 12.2202 4.95776 12.4771 4.63759 12.4771H4.25111C3.93094 12.4771 3.67139 12.2202 3.67139 11.9034Z" fill="#EB0203"></path>
                        <path fill-rule="evenodd" clip-rule="evenodd" d="M3.67139 8.84116C3.67139 8.52424 3.93094 8.26733 4.25111 8.26733H4.63759C4.95776 8.26733 5.21731 8.52424 5.21731 8.84116C5.21731 9.15807 4.95776 9.41498 4.63759 9.41498H4.25111C3.93094 9.41498 3.67139 9.15807 3.67139 8.84116Z" fill="#EB0203"></path>
                        <path fill-rule="evenodd" clip-rule="evenodd" d="M3.67139 14.9655C3.67139 14.6486 3.93094 14.3917 4.25111 14.3917H4.63759C4.95776 14.3917 5.21731 14.6486 5.21731 14.9655C5.21731 15.2825 4.95776 15.5394 4.63759 15.5394H4.25111C3.93094 15.5394 3.67139 15.2825 3.67139 14.9655Z" fill="#EB0203"></path>
                        <path fill-rule="evenodd" clip-rule="evenodd" d="M0 1.76033C0 0.914738 0.692131 0.229248 1.54592 0.229248H15.0727C15.9265 0.229248 16.6186 0.914738 16.6186 1.76033V11.2818C16.6186 11.5989 16.3591 11.8559 16.0389 11.8559C15.7187 11.8559 15.4592 11.5989 15.4592 11.2818V1.76033C15.4592 1.54893 15.2862 1.37756 15.0727 1.37756H1.54592C1.33247 1.37756 1.15944 1.54893 1.15944 1.76033V18.985C1.15944 19.1964 1.33247 19.3678 1.54592 19.3678H9.27551C9.59568 19.3678 9.85523 19.6249 9.85523 19.942C9.85523 20.2591 9.59568 20.5161 9.27551 20.5161H1.54592C0.692131 20.5161 0 19.8306 0 18.985V1.76033Z" fill="#EB0203"></path>
                        <path fill-rule="evenodd" clip-rule="evenodd" d="M14.6254 13.8718C13.4921 12.8567 11.7821 12.7615 10.6574 13.7147C9.12472 15.0124 9.34891 17.128 10.4413 18.2493L14.0161 21.9126C14.2199 22.1217 14.493 22.2386 14.7824 22.2386C15.0739 22.2386 15.3449 22.1238 15.5487 21.9147L19.1235 18.2514C20.2139 17.13 20.4422 15.0144 18.9075 13.7147C17.7827 12.7634 16.0726 12.8569 14.9392 13.872C14.8856 13.92 14.8333 13.9701 14.7824 14.0222C14.7314 13.97 14.6791 13.9199 14.6254 13.8718ZM18.1546 14.588C19.0972 15.3869 18.9961 16.7262 18.2891 17.4541C18.2888 17.4543 18.2886 17.4546 18.2884 17.4548L14.7834 21.0466L11.2757 17.452C11.2756 17.4519 11.2755 17.4517 11.2753 17.4516C10.5681 16.7252 10.4682 15.3856 11.4108 14.5876L11.4112 14.5872C12.0748 14.0248 13.202 14.0556 13.949 14.8205L14.7824 15.674L15.6158 14.8205C16.3618 14.0567 17.4896 14.0256 18.1545 14.5879" fill="#EB0203"></path>
                        </svg>
                        </button>
                        </div>
                        <div class="col-sm-10 col-12">
                        <div class="ct-tile-quantity d-none" data-pid="7519437">
                        <input type="hidden" class="add-to-cart-url" value="https://www.continente.pt/on/demandware.store/Sites-continente-Site/default/Cart-AddProduct" tabindex="-1">
                        <div class="d-none tile-delete-confirmation-btn" data-pid="7519437" data-delay-time="3000" data-in-cart-msg="no carrinho" data-one-product-added="Adicionado ao carrinho" data-remove-from-cart-msg="Removido do carrinho" data-stay-open="6000.0" data-confirmation-image="{&quot;url&quot;:&quot;https://www.continente.pt/dw/image/v2/BDVS_PRD/on/demandware.static/-/Sites-col-master-catalog/default/dwf8e1fa0c/images/col/751/7519437-frente.jpg?sw=87&amp;sh=80&quot;,&quot;fallbackimage&quot;:{&quot;url&quot;:&quot;https://www.continente.pt/dw/image/v2/BDVS_PRD/on/demandware.static/Sites-continente-Site/-/default/dw7c42b4da/images/noimagelarge_product.png?sw=87&amp;sh=80&quot;,&quot;title&quot;:&quot;Batata Frita Gourmet Original&quot;,&quot;alt&quot;:&quot;Batata Frita Gourmet Original&quot;},&quot;title&quot;:&quot;Batata Frita Gourmet Original&quot;,&quot;alt&quot;:&quot;Batata Frita Gourmet Original&quot;}"></div>
                        <div class="ct-tile-quantity-update quantity-update product-qty-vue" data-remove-action="https://www.continente.pt/on/demandware.store/Sites-continente-Site/default/Cart-RemoveProductLineItem" data-action="https://www.continente.pt/on/demandware.store/Sites-continente-Site/default/Cart-UpdateQuantity" data-dimension-update="https://www.continente.pt/on/demandware.store/Sites-continente-Site/default/Cart-DimensionUpdate" data-pid="7519437" data-uuid="9d258ef5ea80142a6c114095b1" data-add-delay="500.0" data-measure-options="{&quot;hasConversionRate&quot;:false,&quot;hasAlternativeSaleUnit&quot;:false,&quot;unitConversionRate&quot;:0,&quot;minOrderQuantity&quot;:1,&quot;stepQuantity&quot;:1,&quot;primaryunit&quot;:&quot;un&quot;,&quot;secondaryunit&quot;:&quot;kg&quot;,&quot;selectedunit&quot;:&quot;primary&quot;,&quot;maxNumberOfUnitsPerSale&quot;:50}" data-price-available="null" :data-has-error="isMaxQtyReached || isMinQtyReached || qtySelectedMoreThanOne">
                        <template v-show="prodUnits">
                        <div class="quantity-input-wrapper has-units">
                        <label class="visually-hidden" :for="'quantity-' + pid + additionalTag">
                        Quantidade no carrinho
                        </label>
                        <input :ref="'quantityInput-' + pid + additionalTag" class="add-to-cart-quantity form-control ct-form-input text-center" inputmode="numeric" :class="{'is-invalid': isInvalid}" :data-pid="pid + additionalTag" :name="'quantity-' + pid + additionalTag" type="text" aria-label="Insira a quantidade" title="" v-model="displayValue" @change="updateQuantity" @focus="updateQtyFormat" @blur="restoreQtyFormat" :disabled="!isPriceAvailable">
                        <span class="quantity-icon quantity-icon--minus">
                        <button class="decrease-quantity-btn" @click="updateQuantity" :disabled="!isPriceAvailable" role="button" aria-label="Reduzir quantidade">
                        <i class="css-math-minus"></i>
                        </button>
                        </span>
                        <span class="quantity-icon quantity-icon--plus">
                        <button class="increase-quantity-btn" @click="updateQuantity" :disabled="isMaxQtyReached || !isPriceAvailable" role="button" aria-label="Aumentar quantidade">
                        <i class="css-math-plus"></i>
                        </button>
                        <span class="quantity-btn-disabled-placeholder"></span>
                        </span>
                        <template v-if="isPDP">
                        <span class="quantity-error ct-span-error text-sm-center product-max-allocation" v-if="isMaxQtyReached">
                        Quantidade máxima atingida
                        </span>
                        <span class="quantity-error ct-span-product text-sm-center product-allocation" v-if="!isMinQtyReached &amp;&amp; !isMaxQtyReached">
                        {{quantitySelected}} no carrinho
                        </span>
                        <span class="quantity-error ct-span-error text-sm-center product-min-allocation" :data-pid="pid" v-if="isMinQtyReached &amp;&amp; !isMaxQtyReached">
                        Quantidade mínima atingida
                        </span>
                        </template>
                        </div>
                        <template v-if="showNotes">
                        <div class="add-note-link-container ">
                        <div class="add-note">
                        <a href="/produto/batata-frita-gourmet-original-lays-gourmet-7519437.html?showNote=true" class="ct-add-note-redirect-pdp" aria-label="Adicionar comentário">
                        <span class="svg-wrapper svg-icon-notes" style="width:19px; height:20px">
                        <svg class="svg-inline icon-notes" viewBox="0 0 28 30" xmlns="http://www.w3.org/2000/svg" width="100%" height="100%"><path d="M21.738 0C22.985 0 24 1.04 24 2.319V12.47c0 .469-.37.848-.828.848-.457 0-.827-.38-.827-.848V2.32c0-.343-.273-.622-.607-.622H2.262c-.334 0-.607.279-.607.622V27.68c0 .343.273.622.607.622h7.81c.457 0 .827.38.827.849 0 .468-.37.848-.827.848h-7.81C1.015 30 0 28.96 0 27.681V2.32C0 1.04 1.015 0 2.262 0h19.476zm2.844 16.004l.227.007c.823.053 1.589.39 2.176.964.64.627.993 1.46.993 2.349 0 .888-.353 1.722-.993 2.348l-6.83 6.665c-.11.108-.247.186-.397.226l-5.032 1.363c-.078.021-.16.032-.241.032-.242 0-.478-.097-.647-.266-.23-.231-.314-.566-.218-.874l1.49-4.798c.044-.139.122-.266.227-.369l6.844-6.677c.64-.625 1.493-.97 2.401-.97zm-2.886 3.94l-4.922 4.802-.947 3.048 3.22-.872 4.897-4.78-2.248-2.197zm2.887-2.174c-.425 0-.824.162-1.124.455l-.484.472 2.248 2.197.484-.472c.62-.606.62-1.591 0-2.197l-.117-.104c-.283-.227-.636-.35-1.007-.35zm-10.839.022c.498 0 .904.396.904.883 0 .488-.406.884-.904.884H5.946c-.499 0-.904-.396-.904-.884 0-.487.405-.883.904-.883zm5.042-4.876c.498 0 .904.397.904.884s-.406.884-.904.884H5.946c-.499 0-.904-.397-.904-.884s.405-.884.904-.884zm0-4.875c.498 0 .904.396.904.884 0 .487-.406.883-.904.883H5.946c-.499 0-.904-.396-.904-.883 0-.488.405-.884.904-.884z" fill="#EB0203" fill-rule="evenodd"></path></svg>
                        </span>
                        <div class="available-note d-none"></div>
                        </a>
                        </div>
                        </div>
                        </template>
                        <div class="measurement-unit-section" v-if="isPriceAvailable &amp;&amp; prodUnits ? prodUnits.hasAlternativeUnit : false">
                        <div class="ct-form-radio" @click="setDimension">
                        <input type="radio" title="" class="ct-form-check-input product-measurement-unit" :data-type="prodUnits.selectedUnit == prodUnits.secondaryUnit ? 'primary' : ''" :id="prodUnits.secondaryUnit + '-' + pid + '-measurement-unit-ptile' + additionalTag" :name="'measurement-unit-' + pid + '-ptile' + additionalTag" :value="prodUnits.secondaryUnit" v-model="prodUnits.selectedUnit">
                        <label :class="prodUnits.secondaryUnit + '-label ct-form-check-label mb-0'" :for="prodUnits.secondaryUnit + '-' + pid + '-measurement-unit-ptile' + additionalTag">
                        {{prodUnits.secondaryUnit}}
                        </label>
                        <span class="checkmark"></span>
                        </div>
                        <div class="ct-form-radio" @click="setDimension">
                        <input type="radio" title="" class="ct-form-check-input product-measurement-unit" :data-type="prodUnits.selectedUnit == prodUnits.primaryUnit ? 'primary' : ''" :id="prodUnits.primaryUnit + '-' + pid + '-measurement-unit-ptile' + additionalTag" :name="'measurement-unit-' + pid + '-ptile' + additionalTag" :value="prodUnits.primaryUnit" v-model="prodUnits.selectedUnit">
                        <label :class="prodUnits.primaryUnit + '-label ct-form-check-label mb-0'" :for="prodUnits.primaryUnit + '-' + pid + '-measurement-unit-ptile' + additionalTag">
                        {{prodUnits.primaryUnit}}
                        </label>
                        <span class="checkmark"></span>
                        </div>
                        </div>
                        <template v-if="!isPDP &amp;&amp; isPriceAvailable">
                        <span class="quantity-error ct-span-error product-max-allocation" v-if="isMaxQtyReached">
                        Quantidade máxima atingida
                        </span>
                        <span class="quantity-error ct-span-product product-allocation" v-if="!isMinQtyReached &amp;&amp; !isMaxQtyReached">
                        {{quantitySelected}} no carrinho
                        </span>
                        <span class="quantity-error ct-span-error product-min-allocation" :data-pid="pid" v-if="isMinQtyReached &amp;&amp; !isMaxQtyReached">
                        Quantidade mínima atingida
                        </span>
                        </template>
                        </template>
                        </div>
                        <input class="quantity-value-mask d-none" name="quantity" type="number" min="0" value="" tabindex="-1">
                        </div>
                        <button type="button" class="add-to-cart button js-add-to-cart js-add-to-cart-tile 7519437 button--primary dynamic-layout-btn" data-toggle="modal" data-target="#chooseBonusProductModal" data-pid="7519437" data-quantity-value="null" aria-label="Carrinho" tabindex="-1">
                        
                        <span class="d-block d-sm-none">
                        <span class="svg-wrapper svg-icon-cart" style="width:20px; height:20px">
                        <svg class="svg-inline icon-cart" xmlns="http://www.w3.org/2000/svg" viewBox="0 0 500 500" width="100%" height="100%"><path fill="#EB0203" fill-rule="evenodd" d="M 485.67317,94.386311 C 476.37798,83.847129 463.09468,78.03348 448.30404,78.03348 H 90.690813 L 87.079511,51.327997 C 83.185582,22.539551 62.962285,0 41.011841,0 H 14.727836 C 6.563151,0 0,6.5286975 0,14.580758 c 0,8.05206 6.5945535,14.580758 14.727836,14.580758 h 26.284005 c 4.710398,0 14.696435,9.855222 16.894619,26.021523 L 100.01739,368.0631 c 1.88416,13.77244 9.01256,26.70549 20.1605,36.37417 8.25889,7.15046 18.02511,11.9071 28.26237,13.89679 -4.17655,7.58572 -6.53175,16.25957 -6.53175,25.493 0,29.53459 24.27424,53.59751 54.13815,53.59751 29.8325,0 54.13814,-24.03184 54.13814,-53.59751 0,-8.79818 -2.19818,-17.09897 -5.9979,-24.43598 h 77.12488 c -3.79973,7.33701 -5.96652,15.6378 -5.96652,24.43598 0,29.53459 24.27424,53.59751 54.13817,53.59751 29.83249,0 54.13814,-24.03184 54.13814,-53.59751 0,-8.79818 -2.1982,-17.09897 -5.9979,-24.43598 h 38.56243 c 8.13328,0 14.72783,-6.5287 14.72783,-14.61183 0,-8.02098 -6.59455,-14.54967 -14.72783,-14.54967 H 159.24277 c -14.38241,0 -28.13677,-11.90711 -30.02092,-26.02153 l -3.07746,-22.88154 h 290.6314 c 14.03698,0 27.94834,-5.28513 39.06488,-14.95381 11.11652,-9.6376 18.27632,-22.57065 20.16048,-36.37417 l 21.10259,-156.78201 c 1.94694,-14.51858 -2.10398,-28.29103 -11.43057,-38.861299 z M 220.76053,443.82706 c 0,13.49265 -11.08513,24.46709 -24.68247,24.46709 -13.62874,0 -24.71387,-10.97444 -24.71387,-24.46709 0,-13.49262 11.08513,-24.43598 24.71387,-24.43598 13.59734,0 24.68247,10.94336 24.68247,24.43598 z m 173.43675,0 c 0,13.49265 -11.08512,24.46709 -24.68245,24.46709 -13.62876,0 -24.71388,-10.97444 -24.71388,-24.46709 0,-13.49262 11.08512,-24.43598 24.71388,-24.43598 13.59733,0 24.68245,10.94336 24.68245,24.43598 z m 73.7648,-314.46558 -21.13397,156.782 c -1.88416,14.11442 -15.63851,26.05261 -30.02091,26.05261 H 122.25046 L 94.616142,107.19499 H 448.33544 c 6.18632,0 11.61896,2.2695 15.23028,6.37326 3.64269,4.13484 5.21283,9.73086 4.39636,15.79323 z"></path></svg>
                        </span>
                        </span>
                        <span class="add-to-cart--text d-none d-sm-block">Carrinho</span>
                        </button>
                        </div>
                        </div>
                        </div>
                        </div>
                        
                        <div class="col-12 d-sm-none">
                        </div>
                        </div>
                        </div>
                        </div>
                        </div><div class="pd-tile-wrap slick-slide slick-current slick-active" data-idx="1" style="height: auto; width: 221px;" data-slick-index="0" aria-hidden="false" tabindex="0" role="tabpanel" id="slick-slide10" aria-describedby="slick-slide-control10">
                        
                        <script type="text/javascript">//<!--
                        /* <![CDATA[ */
                        (function(){
                        try {
                            if(window.CQuotient) {
                                var cq_params = {};
                                cq_params.cookieId = window.CQuotient.getCQCookieId();
                                cq_params.userId = window.CQuotient.getCQUserId();
                                cq_params.emailId = CQuotient.getCQHashedEmail();
                                cq_params.loginId = CQuotient.getCQHashedLogin();
                                cq_params.accumulate = true;
                                cq_params.products = [{
                                    id: '7106089',
                                    sku: '',
                                    type: '',
                                    alt_id: ''
                                }];
                                cq_params.recommenderName = 'FOOD-MERCEARIA';
                                cq_params.realm = "BDVS";
                                cq_params.siteId = "continente";
                                cq_params.instanceType = "prd";
                                cq_params.locale = window.CQuotient.locale;
                                cq_params.slotId = 'col-category-product-recommendations';
                                cq_params.slotConfigId = 'FOOD Recommender Mercearia - Einstein';
                                cq_params.slotConfigTemplate = 'slots\/recommendation\/recommendedProductsCLP.isml';
                                if(window.CQuotient.sendActivity)
                                    window.CQuotient.sendActivity( CQuotient.clientId, 'viewReco', cq_params );
                                else
                                    window.CQuotient.activities.push( {activityType: 'viewReco', parameters: cq_params} );
                            }
                        } catch(err) {}
                        })();
                        /* ]]> */
                        // -->
                        </script>
                        <script type="text/javascript">//<!--
                        /* <![CDATA[ (viewProduct-active_data.js) */
                        dw.ac._capture({id: "7106089", type: "recommendation"});
                        /* ]]> */
                        // -->
                        </script>
                        <div class="product" data-pid="7106089">
                        <div class="product-tile pid-7106089   ct-product-tile " data-delay-time="3000" data-variants-mapping="[]" data-in-cart-msg="no carrinho" data-one-product-added="Adicionado ao carrinho" data-remove-from-cart-msg="Removido do carrinho" data-stay-open="6000.0" data-product-tile-impression="{&quot;name&quot;:&quot;7106089&quot;,&quot;id&quot;:&quot;7106089&quot;,&quot;price&quot;:1.48,&quot;brand&quot;:&quot;Lays Gourmet&quot;,&quot;category&quot;:[{&quot;category_level_1&quot;:&quot;Mercearia&quot;},{&quot;category_level_2&quot;:&quot;Snacks e Batatas Fritas&quot;},{&quot;category_level_3&quot;:&quot;Batatas Fritas&quot;}],&quot;variant&quot;:&quot;&quot;}">
                        <div class="ct-inner-tile-wrap row no-gutters justify-content-center align-content-start">
                        <div class="ct-product-tile-badge ct-product-tile-badge--promotional">
                        <img class="img-fluid lazyloaded" loading="lazy" data-src="https://www.continente.pt/dw/image/v2/BDVS_PRD/on/demandware.static/-/Sites-continente-Library/default/dwf5980f2e/images/badges/pvpr/col/pvpr.png?sw=60&amp;sh=42" alt="PVP Recomendado: €2,29/un" title="PVP Recomendado: €2,29/un" src="https://www.continente.pt/dw/image/v2/BDVS_PRD/on/demandware.static/-/Sites-continente-Library/default/dwf5980f2e/images/badges/pvpr/col/pvpr.png?sw=60&amp;sh=42">
                        <div class="ct-product-tile-badge-value-wrapper ct-product-tile-badge-value-wrapper--pvpr  ">
                        <span class="ct-product-tile-badge-value--pvpr">
                        35
                        </span>
                        <span class="ct-product-tile-badge-value--pvpr-quantifier ">
                        %
                        </span>
                        </div>
                        </div>
                        
                        
                        <div class="ct-image-container col-4 col-sm" data-confirmation-image="{&quot;url&quot;:&quot;https://www.continente.pt/dw/image/v2/BDVS_PRD/on/demandware.static/-/Sites-col-master-catalog/default/dw2ccb81cd/images/col/710/7106089-frente.jpg?sw=87&amp;sh=80&quot;,&quot;fallbackimage&quot;:{&quot;url&quot;:&quot;https://www.continente.pt/dw/image/v2/BDVS_PRD/on/demandware.static/Sites-continente-Site/-/default/dw7c42b4da/images/noimagelarge_product.png?sw=87&amp;sh=80&quot;,&quot;title&quot;:&quot;Batata Frita Gourmet Lisa Corte Fino&quot;,&quot;alt&quot;:&quot;Batata Frita Gourmet Lisa Corte Fino&quot;},&quot;title&quot;:&quot;Batata Frita Gourmet Lisa Corte Fino&quot;,&quot;alt&quot;:&quot;Batata Frita Gourmet Lisa Corte Fino&quot;}">
                        <a href="https://www.continente.pt/produto/batata-frita-gourmet-lisa-corte-fino-lays-gourmet-7106089.html?cgid=home" tabindex="0">
                        <picture class="intrinsic intrinsic--square">
                        <img class="ct-tile-image lazyloaded" loading="lazy" onerror="this.onerror=null;this.src='/on/demandware.static/Sites-continente-Site/-/default/dw7c42b4da/images/noimagelarge_product.png';" data-src="https://www.continente.pt/dw/image/v2/BDVS_PRD/on/demandware.static/-/Sites-col-master-catalog/default/dw2ccb81cd/images/col/710/7106089-frente.jpg?sw=280&amp;sh=280" alt="Batata Frita Gourmet Lisa Corte Fino" title="Batata Frita Gourmet Lisa Corte Fino" src="https://www.continente.pt/dw/image/v2/BDVS_PRD/on/demandware.static/-/Sites-col-master-catalog/default/dw2ccb81cd/images/col/710/7106089-frente.jpg?sw=280&amp;sh=280">
                        </picture>
                        </a>
                        <div class="color-swatches d-flex" style="margin-left: 5px;">
                        <div class="swatches d-flex">
                        </div>
                        </div>
                        </div>
                        <div class="ct-tile-body col col-sm-auto ">
                        <div class="ct-pdp-details">
                        <div class="ct-pdp-link">
                        <a class="ct-tile--description" href="https://www.continente.pt/produto/batata-frita-gourmet-lisa-corte-fino-lays-gourmet-7106089.html?cgid=home" tabindex="0">Batata Frita Gourmet Lisa Corte Fino</a>
                        <div class="ct-tile--favorite-top d-sm-none">
                        <button class="wishlist-toggler guest-mode inactive button button--tertiary" data-pid="7106089" data-add-url="https://www.continente.pt/on/demandware.store/Sites-continente-Site/default/Wishlist-AddProduct?pid=7106089" data-toggle="tooltip" aria-label="Adicionar aos favoritos " data-original-title="Adicionar aos favoritos" data-placement="top" tabindex="0">
                        <svg class="active-content" width="100%" height="100%" viewBox="0 0 20 22" fill="none" xmlns="http://www.w3.org/2000/svg">
                        <path fill-rule="evenodd" clip-rule="evenodd" d="M0 1.53052C0 0.685236 0.692171 0 1.54601 0H15.0736C15.9274 0 16.6196 0.685235 16.6196 1.53052V13.4064L15.8127 13.922L14.2658 14.2658L12.7189 13.4064L10.6054 14.3818C10.4994 14.2451 10.3327 14.157 10.1452 14.157H6.76329C6.4431 14.157 6.18354 14.414 6.18354 14.731C6.18354 15.0479 6.4431 15.3049 6.76329 15.3049H10.1452C10.2478 15.3049 10.3441 15.2785 10.4277 15.2322L10.3126 16.8439L13.2345 20.2793H1.54601C0.69217 20.2793 0 19.5941 0 18.7488V1.53052ZM6.18354 5.5483C6.18354 5.23132 6.4431 4.97436 6.76329 4.97436H12.3676C12.6878 4.97436 12.9473 5.23132 12.9473 5.5483C12.9473 5.86528 12.6878 6.12224 12.3676 6.12224H6.76329C6.4431 6.12224 6.18354 5.86528 6.18354 5.5483ZM6.76329 11.0961C6.4431 11.0961 6.18354 11.3531 6.18354 11.6701C6.18354 11.987 6.4431 12.244 6.76329 12.244H12.3676C12.6878 12.244 12.9473 11.987 12.9473 11.6701C12.9473 11.3531 12.6878 11.0961 12.3676 11.0961H6.76329ZM6.18354 8.60985C6.18354 8.29287 6.4431 8.03591 6.76329 8.03591H12.3676C12.6878 8.03591 12.9473 8.29287 12.9473 8.60985C12.9473 8.92684 12.6878 9.1838 12.3676 9.1838H6.76329C6.4431 9.1838 6.18354 8.92684 6.18354 8.60985ZM3.67118 5.5483C3.67118 5.23132 3.93075 4.97436 4.25093 4.97436H4.63743C4.95762 4.97436 5.21719 5.23132 5.21719 5.5483C5.21719 5.86528 4.95762 6.12224 4.63743 6.12224H4.25093C3.93075 6.12224 3.67118 5.86528 3.67118 5.5483ZM4.25093 11.0961C3.93075 11.0961 3.67118 11.3531 3.67118 11.6701C3.67118 11.987 3.93075 12.244 4.25093 12.244H4.63743C4.95762 12.244 5.21719 11.987 5.21719 11.6701C5.21719 11.3531 4.95762 11.0961 4.63743 11.0961H4.25093ZM3.67118 8.60985C3.67118 8.29287 3.93075 8.03591 4.25093 8.03591H4.63743C4.95762 8.03591 5.21719 8.29287 5.21719 8.60985C5.21719 8.92684 4.95762 9.1838 4.63743 9.1838H4.25093C3.93075 9.1838 3.67118 8.92684 3.67118 8.60985ZM4.25093 14.157C3.93075 14.157 3.67118 14.414 3.67118 14.731C3.67118 15.0479 3.93075 15.3049 4.25093 15.3049H4.63743C4.95762 15.3049 5.21719 15.0479 5.21719 14.731C5.21719 14.414 4.95762 14.157 4.63743 14.157H4.25093Z" fill="#EB0203"></path>
                        <path fill-rule="evenodd" clip-rule="evenodd" d="M14.6252 13.6363C13.4918 12.6215 11.7817 12.5264 10.6569 13.4792C9.12421 14.7764 9.34841 16.8912 10.4409 18.0122L14.0159 21.6742C14.2197 21.8832 14.4928 22 14.7822 22C15.0737 22 15.3448 21.8852 15.5486 21.6762L19.1236 18.0142C20.214 16.8933 20.4423 14.7785 18.9075 13.4792C17.7827 12.5283 16.0724 12.6217 14.9391 13.6365C14.8855 13.6845 14.8331 13.7345 14.7822 13.7866C14.7313 13.7345 14.6789 13.6843 14.6252 13.6363ZM18.1546 14.3522C19.0973 15.1508 18.9962 16.4896 18.2891 17.2173C18.2888 17.2175 18.2886 17.2177 18.2884 17.218L14.7832 20.8084L11.2753 17.2151C11.2752 17.215 11.2751 17.2149 11.2749 17.2148C10.5677 16.4887 10.4678 15.1495 11.4104 14.3518L11.4108 14.3514C12.0745 13.7892 13.2018 13.82 13.9488 14.5846L14.7822 15.4378L15.6157 14.5846C16.3617 13.8211 17.4896 13.79 18.1545 14.3521" fill="#EB0203"></path>
                        </svg>
                        <svg class="inactive-content" width="100%" height="100%" viewBox="0 0 20 23" fill="none" xmlns="http://www.w3.org/2000/svg">
                        <path fill-rule="evenodd" clip-rule="evenodd" d="M6.18408 5.77914C6.18408 5.46223 6.44363 5.20532 6.7638 5.20532H12.3678C12.6879 5.20532 12.9475 5.46223 12.9475 5.77914C12.9475 6.09606 12.6879 6.35297 12.3678 6.35297H6.7638C6.44363 6.35297 6.18408 6.09606 6.18408 5.77914Z" fill="#EB0203"></path>
                        <path fill-rule="evenodd" clip-rule="evenodd" d="M6.18408 11.9034C6.18408 11.5865 6.44363 11.3296 6.7638 11.3296H12.3678C12.6879 11.3296 12.9475 11.5865 12.9475 11.9034C12.9475 12.2202 12.6879 12.4771 12.3678 12.4771H6.7638C6.44363 12.4771 6.18408 12.2202 6.18408 11.9034Z" fill="#EB0203"></path>
                        <path fill-rule="evenodd" clip-rule="evenodd" d="M6.18408 8.84116C6.18408 8.52424 6.44363 8.26733 6.7638 8.26733H12.3678C12.6879 8.26733 12.9475 8.52424 12.9475 8.84116C12.9475 9.15807 12.6879 9.41498 12.3678 9.41498H6.7638C6.44363 9.41498 6.18408 9.15807 6.18408 8.84116Z" fill="#EB0203"></path>
                        <path fill-rule="evenodd" clip-rule="evenodd" d="M6.18408 14.9655C6.18408 14.6486 6.44363 14.3917 6.7638 14.3917H10.1455C10.4657 14.3917 10.7252 14.6486 10.7252 14.9655C10.7252 15.2825 10.4657 15.5394 10.1455 15.5394H6.7638C6.44363 15.5394 6.18408 15.2825 6.18408 14.9655Z" fill="#EB0203"></path>
                        <path fill-rule="evenodd" clip-rule="evenodd" d="M3.67139 5.77914C3.67139 5.46223 3.93094 5.20532 4.25111 5.20532H4.63759C4.95776 5.20532 5.21731 5.46223 5.21731 5.77914C5.21731 6.09606 4.95776 6.35297 4.63759 6.35297H4.25111C3.93094 6.35297 3.67139 6.09606 3.67139 5.77914Z" fill="#EB0203"></path>
                        <path fill-rule="evenodd" clip-rule="evenodd" d="M3.67139 11.9034C3.67139 11.5865 3.93094 11.3296 4.25111 11.3296H4.63759C4.95776 11.3296 5.21731 11.5865 5.21731 11.9034C5.21731 12.2202 4.95776 12.4771 4.63759 12.4771H4.25111C3.93094 12.4771 3.67139 12.2202 3.67139 11.9034Z" fill="#EB0203"></path>
                        <path fill-rule="evenodd" clip-rule="evenodd" d="M3.67139 8.84116C3.67139 8.52424 3.93094 8.26733 4.25111 8.26733H4.63759C4.95776 8.26733 5.21731 8.52424 5.21731 8.84116C5.21731 9.15807 4.95776 9.41498 4.63759 9.41498H4.25111C3.93094 9.41498 3.67139 9.15807 3.67139 8.84116Z" fill="#EB0203"></path>
                        <path fill-rule="evenodd" clip-rule="evenodd" d="M3.67139 14.9655C3.67139 14.6486 3.93094 14.3917 4.25111 14.3917H4.63759C4.95776 14.3917 5.21731 14.6486 5.21731 14.9655C5.21731 15.2825 4.95776 15.5394 4.63759 15.5394H4.25111C3.93094 15.5394 3.67139 15.2825 3.67139 14.9655Z" fill="#EB0203"></path>
                        <path fill-rule="evenodd" clip-rule="evenodd" d="M0 1.76033C0 0.914738 0.692131 0.229248 1.54592 0.229248H15.0727C15.9265 0.229248 16.6186 0.914738 16.6186 1.76033V11.2818C16.6186 11.5989 16.3591 11.8559 16.0389 11.8559C15.7187 11.8559 15.4592 11.5989 15.4592 11.2818V1.76033C15.4592 1.54893 15.2862 1.37756 15.0727 1.37756H1.54592C1.33247 1.37756 1.15944 1.54893 1.15944 1.76033V18.985C1.15944 19.1964 1.33247 19.3678 1.54592 19.3678H9.27551C9.59568 19.3678 9.85523 19.6249 9.85523 19.942C9.85523 20.2591 9.59568 20.5161 9.27551 20.5161H1.54592C0.692131 20.5161 0 19.8306 0 18.985V1.76033Z" fill="#EB0203"></path>
                        <path fill-rule="evenodd" clip-rule="evenodd" d="M14.6254 13.8718C13.4921 12.8567 11.7821 12.7615 10.6574 13.7147C9.12472 15.0124 9.34891 17.128 10.4413 18.2493L14.0161 21.9126C14.2199 22.1217 14.493 22.2386 14.7824 22.2386C15.0739 22.2386 15.3449 22.1238 15.5487 21.9147L19.1235 18.2514C20.2139 17.13 20.4422 15.0144 18.9075 13.7147C17.7827 12.7634 16.0726 12.8569 14.9392 13.872C14.8856 13.92 14.8333 13.9701 14.7824 14.0222C14.7314 13.97 14.6791 13.9199 14.6254 13.8718ZM18.1546 14.588C19.0972 15.3869 18.9961 16.7262 18.2891 17.4541C18.2888 17.4543 18.2886 17.4546 18.2884 17.4548L14.7834 21.0466L11.2757 17.452C11.2756 17.4519 11.2755 17.4517 11.2753 17.4516C10.5681 16.7252 10.4682 15.3856 11.4108 14.5876L11.4112 14.5872C12.0748 14.0248 13.202 14.0556 13.949 14.8205L14.7824 15.674L15.6158 14.8205C16.3618 14.0567 17.4896 14.0256 18.1545 14.5879" fill="#EB0203"></path>
                        </svg>
                        </button>
                        </div>
                        </div>
                        <p class="ct-tile--brand">Lay's Gourmet</p>
                        <p class="ct-tile--quantity">emb. 150 gr</p>
                        </div>
                        <div class="ct-tile-bottom row no-gutters justify-content-between">
                        <div class="ct-price-wrap col-8 col-sm-12">
                        <div class="price js-product-price">
                        <div class="prices-wrapper">
                        <span class="sales ct-tile--price-primary ">
                        <span class="value" content="1.48">
                        <span class="ct-price-formatted">
                        €1,48
                        </span>
                        <span class="ct-m-unit">
                        /un
                        </span>
                        </span>
                        </span>
                        </div>
                        <div class="ct-tile--price-secondary">
                        <span class="ct-price-value">
                        €9,87
                        </span>
                        <span class="ct-m-unit">
                        /kg
                        </span>
                        </div>
                        <p class="ct-discount-amount ct-discount-amount-pvpr">PVP Recomendado: €2,29/un</p>
                        </div>
                        </div>
                        <div class="ct-tile-buy-section d-flex justify-content-center no-gutters col-auto col-sm-12">
                        <div class="col-2 d-sm-flex d-none">
                        <button class="wishlist-toggler guest-mode inactive button button--tertiary" data-pid="7106089" data-add-url="https://www.continente.pt/on/demandware.store/Sites-continente-Site/default/Wishlist-AddProduct?pid=7106089" data-toggle="tooltip" aria-label="Adicionar aos favoritos " data-original-title="Adicionar aos favoritos" data-placement="top" tabindex="0">
                        <svg class="active-content" width="100%" height="100%" viewBox="0 0 20 22" fill="none" xmlns="http://www.w3.org/2000/svg">
                        <path fill-rule="evenodd" clip-rule="evenodd" d="M0 1.53052C0 0.685236 0.692171 0 1.54601 0H15.0736C15.9274 0 16.6196 0.685235 16.6196 1.53052V13.4064L15.8127 13.922L14.2658 14.2658L12.7189 13.4064L10.6054 14.3818C10.4994 14.2451 10.3327 14.157 10.1452 14.157H6.76329C6.4431 14.157 6.18354 14.414 6.18354 14.731C6.18354 15.0479 6.4431 15.3049 6.76329 15.3049H10.1452C10.2478 15.3049 10.3441 15.2785 10.4277 15.2322L10.3126 16.8439L13.2345 20.2793H1.54601C0.69217 20.2793 0 19.5941 0 18.7488V1.53052ZM6.18354 5.5483C6.18354 5.23132 6.4431 4.97436 6.76329 4.97436H12.3676C12.6878 4.97436 12.9473 5.23132 12.9473 5.5483C12.9473 5.86528 12.6878 6.12224 12.3676 6.12224H6.76329C6.4431 6.12224 6.18354 5.86528 6.18354 5.5483ZM6.76329 11.0961C6.4431 11.0961 6.18354 11.3531 6.18354 11.6701C6.18354 11.987 6.4431 12.244 6.76329 12.244H12.3676C12.6878 12.244 12.9473 11.987 12.9473 11.6701C12.9473 11.3531 12.6878 11.0961 12.3676 11.0961H6.76329ZM6.18354 8.60985C6.18354 8.29287 6.4431 8.03591 6.76329 8.03591H12.3676C12.6878 8.03591 12.9473 8.29287 12.9473 8.60985C12.9473 8.92684 12.6878 9.1838 12.3676 9.1838H6.76329C6.4431 9.1838 6.18354 8.92684 6.18354 8.60985ZM3.67118 5.5483C3.67118 5.23132 3.93075 4.97436 4.25093 4.97436H4.63743C4.95762 4.97436 5.21719 5.23132 5.21719 5.5483C5.21719 5.86528 4.95762 6.12224 4.63743 6.12224H4.25093C3.93075 6.12224 3.67118 5.86528 3.67118 5.5483ZM4.25093 11.0961C3.93075 11.0961 3.67118 11.3531 3.67118 11.6701C3.67118 11.987 3.93075 12.244 4.25093 12.244H4.63743C4.95762 12.244 5.21719 11.987 5.21719 11.6701C5.21719 11.3531 4.95762 11.0961 4.63743 11.0961H4.25093ZM3.67118 8.60985C3.67118 8.29287 3.93075 8.03591 4.25093 8.03591H4.63743C4.95762 8.03591 5.21719 8.29287 5.21719 8.60985C5.21719 8.92684 4.95762 9.1838 4.63743 9.1838H4.25093C3.93075 9.1838 3.67118 8.92684 3.67118 8.60985ZM4.25093 14.157C3.93075 14.157 3.67118 14.414 3.67118 14.731C3.67118 15.0479 3.93075 15.3049 4.25093 15.3049H4.63743C4.95762 15.3049 5.21719 15.0479 5.21719 14.731C5.21719 14.414 4.95762 14.157 4.63743 14.157H4.25093Z" fill="#EB0203"></path>
                        <path fill-rule="evenodd" clip-rule="evenodd" d="M14.6252 13.6363C13.4918 12.6215 11.7817 12.5264 10.6569 13.4792C9.12421 14.7764 9.34841 16.8912 10.4409 18.0122L14.0159 21.6742C14.2197 21.8832 14.4928 22 14.7822 22C15.0737 22 15.3448 21.8852 15.5486 21.6762L19.1236 18.0142C20.214 16.8933 20.4423 14.7785 18.9075 13.4792C17.7827 12.5283 16.0724 12.6217 14.9391 13.6365C14.8855 13.6845 14.8331 13.7345 14.7822 13.7866C14.7313 13.7345 14.6789 13.6843 14.6252 13.6363ZM18.1546 14.3522C19.0973 15.1508 18.9962 16.4896 18.2891 17.2173C18.2888 17.2175 18.2886 17.2177 18.2884 17.218L14.7832 20.8084L11.2753 17.2151C11.2752 17.215 11.2751 17.2149 11.2749 17.2148C10.5677 16.4887 10.4678 15.1495 11.4104 14.3518L11.4108 14.3514C12.0745 13.7892 13.2018 13.82 13.9488 14.5846L14.7822 15.4378L15.6157 14.5846C16.3617 13.8211 17.4896 13.79 18.1545 14.3521" fill="#EB0203"></path>
                        </svg>
                        <svg class="inactive-content" width="100%" height="100%" viewBox="0 0 20 23" fill="none" xmlns="http://www.w3.org/2000/svg">
                        <path fill-rule="evenodd" clip-rule="evenodd" d="M6.18408 5.77914C6.18408 5.46223 6.44363 5.20532 6.7638 5.20532H12.3678C12.6879 5.20532 12.9475 5.46223 12.9475 5.77914C12.9475 6.09606 12.6879 6.35297 12.3678 6.35297H6.7638C6.44363 6.35297 6.18408 6.09606 6.18408 5.77914Z" fill="#EB0203"></path>
                        <path fill-rule="evenodd" clip-rule="evenodd" d="M6.18408 11.9034C6.18408 11.5865 6.44363 11.3296 6.7638 11.3296H12.3678C12.6879 11.3296 12.9475 11.5865 12.9475 11.9034C12.9475 12.2202 12.6879 12.4771 12.3678 12.4771H6.7638C6.44363 12.4771 6.18408 12.2202 6.18408 11.9034Z" fill="#EB0203"></path>
                        <path fill-rule="evenodd" clip-rule="evenodd" d="M6.18408 8.84116C6.18408 8.52424 6.44363 8.26733 6.7638 8.26733H12.3678C12.6879 8.26733 12.9475 8.52424 12.9475 8.84116C12.9475 9.15807 12.6879 9.41498 12.3678 9.41498H6.7638C6.44363 9.41498 6.18408 9.15807 6.18408 8.84116Z" fill="#EB0203"></path>
                        <path fill-rule="evenodd" clip-rule="evenodd" d="M6.18408 14.9655C6.18408 14.6486 6.44363 14.3917 6.7638 14.3917H10.1455C10.4657 14.3917 10.7252 14.6486 10.7252 14.9655C10.7252 15.2825 10.4657 15.5394 10.1455 15.5394H6.7638C6.44363 15.5394 6.18408 15.2825 6.18408 14.9655Z" fill="#EB0203"></path>
                        <path fill-rule="evenodd" clip-rule="evenodd" d="M3.67139 5.77914C3.67139 5.46223 3.93094 5.20532 4.25111 5.20532H4.63759C4.95776 5.20532 5.21731 5.46223 5.21731 5.77914C5.21731 6.09606 4.95776 6.35297 4.63759 6.35297H4.25111C3.93094 6.35297 3.67139 6.09606 3.67139 5.77914Z" fill="#EB0203"></path>
                        <path fill-rule="evenodd" clip-rule="evenodd" d="M3.67139 11.9034C3.67139 11.5865 3.93094 11.3296 4.25111 11.3296H4.63759C4.95776 11.3296 5.21731 11.5865 5.21731 11.9034C5.21731 12.2202 4.95776 12.4771 4.63759 12.4771H4.25111C3.93094 12.4771 3.67139 12.2202 3.67139 11.9034Z" fill="#EB0203"></path>
                        <path fill-rule="evenodd" clip-rule="evenodd" d="M3.67139 8.84116C3.67139 8.52424 3.93094 8.26733 4.25111 8.26733H4.63759C4.95776 8.26733 5.21731 8.52424 5.21731 8.84116C5.21731 9.15807 4.95776 9.41498 4.63759 9.41498H4.25111C3.93094 9.41498 3.67139 9.15807 3.67139 8.84116Z" fill="#EB0203"></path>
                        <path fill-rule="evenodd" clip-rule="evenodd" d="M3.67139 14.9655C3.67139 14.6486 3.93094 14.3917 4.25111 14.3917H4.63759C4.95776 14.3917 5.21731 14.6486 5.21731 14.9655C5.21731 15.2825 4.95776 15.5394 4.63759 15.5394H4.25111C3.93094 15.5394 3.67139 15.2825 3.67139 14.9655Z" fill="#EB0203"></path>
                        <path fill-rule="evenodd" clip-rule="evenodd" d="M0 1.76033C0 0.914738 0.692131 0.229248 1.54592 0.229248H15.0727C15.9265 0.229248 16.6186 0.914738 16.6186 1.76033V11.2818C16.6186 11.5989 16.3591 11.8559 16.0389 11.8559C15.7187 11.8559 15.4592 11.5989 15.4592 11.2818V1.76033C15.4592 1.54893 15.2862 1.37756 15.0727 1.37756H1.54592C1.33247 1.37756 1.15944 1.54893 1.15944 1.76033V18.985C1.15944 19.1964 1.33247 19.3678 1.54592 19.3678H9.27551C9.59568 19.3678 9.85523 19.6249 9.85523 19.942C9.85523 20.2591 9.59568 20.5161 9.27551 20.5161H1.54592C0.692131 20.5161 0 19.8306 0 18.985V1.76033Z" fill="#EB0203"></path>
                        <path fill-rule="evenodd" clip-rule="evenodd" d="M14.6254 13.8718C13.4921 12.8567 11.7821 12.7615 10.6574 13.7147C9.12472 15.0124 9.34891 17.128 10.4413 18.2493L14.0161 21.9126C14.2199 22.1217 14.493 22.2386 14.7824 22.2386C15.0739 22.2386 15.3449 22.1238 15.5487 21.9147L19.1235 18.2514C20.2139 17.13 20.4422 15.0144 18.9075 13.7147C17.7827 12.7634 16.0726 12.8569 14.9392 13.872C14.8856 13.92 14.8333 13.9701 14.7824 14.0222C14.7314 13.97 14.6791 13.9199 14.6254 13.8718ZM18.1546 14.588C19.0972 15.3869 18.9961 16.7262 18.2891 17.4541C18.2888 17.4543 18.2886 17.4546 18.2884 17.4548L14.7834 21.0466L11.2757 17.452C11.2756 17.4519 11.2755 17.4517 11.2753 17.4516C10.5681 16.7252 10.4682 15.3856 11.4108 14.5876L11.4112 14.5872C12.0748 14.0248 13.202 14.0556 13.949 14.8205L14.7824 15.674L15.6158 14.8205C16.3618 14.0567 17.4896 14.0256 18.1545 14.5879" fill="#EB0203"></path>
                        </svg>
                        </button>
                        </div>
                        <div class="col-sm-10 col-12">
                        <div class="ct-tile-quantity d-none" data-pid="7106089">
                        <input type="hidden" class="add-to-cart-url" value="https://www.continente.pt/on/demandware.store/Sites-continente-Site/default/Cart-AddProduct" tabindex="0">
                        <div class="d-none tile-delete-confirmation-btn" data-pid="7106089" data-delay-time="3000" data-in-cart-msg="no carrinho" data-one-product-added="Adicionado ao carrinho" data-remove-from-cart-msg="Removido do carrinho" data-stay-open="6000.0" data-confirmation-image="{&quot;url&quot;:&quot;https://www.continente.pt/dw/image/v2/BDVS_PRD/on/demandware.static/-/Sites-col-master-catalog/default/dw2ccb81cd/images/col/710/7106089-frente.jpg?sw=87&amp;sh=80&quot;,&quot;fallbackimage&quot;:{&quot;url&quot;:&quot;https://www.continente.pt/dw/image/v2/BDVS_PRD/on/demandware.static/Sites-continente-Site/-/default/dw7c42b4da/images/noimagelarge_product.png?sw=87&amp;sh=80&quot;,&quot;title&quot;:&quot;Batata Frita Gourmet Lisa Corte Fino&quot;,&quot;alt&quot;:&quot;Batata Frita Gourmet Lisa Corte Fino&quot;},&quot;title&quot;:&quot;Batata Frita Gourmet Lisa Corte Fino&quot;,&quot;alt&quot;:&quot;Batata Frita Gourmet Lisa Corte Fino&quot;}"></div>
                        <div class="ct-tile-quantity-update quantity-update product-qty-vue" data-remove-action="https://www.continente.pt/on/demandware.store/Sites-continente-Site/default/Cart-RemoveProductLineItem" data-action="https://www.continente.pt/on/demandware.store/Sites-continente-Site/default/Cart-UpdateQuantity" data-dimension-update="https://www.continente.pt/on/demandware.store/Sites-continente-Site/default/Cart-DimensionUpdate" data-pid="7106089" data-uuid="8b4a8df01ac694d731981eddbc" data-add-delay="500.0" data-measure-options="{&quot;hasConversionRate&quot;:false,&quot;hasAlternativeSaleUnit&quot;:false,&quot;unitConversionRate&quot;:null,&quot;minOrderQuantity&quot;:1,&quot;stepQuantity&quot;:1,&quot;primaryunit&quot;:&quot;un&quot;,&quot;secondaryunit&quot;:&quot;kg&quot;,&quot;selectedunit&quot;:&quot;primary&quot;,&quot;maxNumberOfUnitsPerSale&quot;:50}" data-price-available="null" :data-has-error="isMaxQtyReached || isMinQtyReached || qtySelectedMoreThanOne">
                        <template v-show="prodUnits">
                        <div class="quantity-input-wrapper has-units">
                        <label class="visually-hidden" :for="'quantity-' + pid + additionalTag">
                        Quantidade no carrinho
                        </label>
                        <input :ref="'quantityInput-' + pid + additionalTag" class="add-to-cart-quantity form-control ct-form-input text-center" inputmode="numeric" :class="{'is-invalid': isInvalid}" :data-pid="pid + additionalTag" :name="'quantity-' + pid + additionalTag" type="text" aria-label="Insira a quantidade" title="" v-model="displayValue" @change="updateQuantity" @focus="updateQtyFormat" @blur="restoreQtyFormat" :disabled="!isPriceAvailable">
                        <span class="quantity-icon quantity-icon--minus">
                        <button class="decrease-quantity-btn" @click="updateQuantity" :disabled="!isPriceAvailable" role="button" aria-label="Reduzir quantidade">
                        <i class="css-math-minus"></i>
                        </button>
                        </span>
                        <span class="quantity-icon quantity-icon--plus">
                        <button class="increase-quantity-btn" @click="updateQuantity" :disabled="isMaxQtyReached || !isPriceAvailable" role="button" aria-label="Aumentar quantidade">
                        <i class="css-math-plus"></i>
                        </button>
                        <span class="quantity-btn-disabled-placeholder"></span>
                        </span>
                        <template v-if="isPDP">
                        <span class="quantity-error ct-span-error text-sm-center product-max-allocation" v-if="isMaxQtyReached">
                        Quantidade máxima atingida
                        </span>
                        <span class="quantity-error ct-span-product text-sm-center product-allocation" v-if="!isMinQtyReached &amp;&amp; !isMaxQtyReached">
                        {{quantitySelected}} no carrinho
                        </span>
                        <span class="quantity-error ct-span-error text-sm-center product-min-allocation" :data-pid="pid" v-if="isMinQtyReached &amp;&amp; !isMaxQtyReached">
                        Quantidade mínima atingida
                        </span>
                        </template>
                        </div>
                        <template v-if="showNotes">
                        <div class="add-note-link-container ">
                        <div class="add-note">
                        <a href="/produto/batata-frita-gourmet-lisa-corte-fino-lays-gourmet-7106089.html?showNote=true" class="ct-add-note-redirect-pdp" aria-label="Adicionar comentário">
                        <span class="svg-wrapper svg-icon-notes" style="width:19px; height:20px">
                        <svg class="svg-inline icon-notes" viewBox="0 0 28 30" xmlns="http://www.w3.org/2000/svg" width="100%" height="100%"><path d="M21.738 0C22.985 0 24 1.04 24 2.319V12.47c0 .469-.37.848-.828.848-.457 0-.827-.38-.827-.848V2.32c0-.343-.273-.622-.607-.622H2.262c-.334 0-.607.279-.607.622V27.68c0 .343.273.622.607.622h7.81c.457 0 .827.38.827.849 0 .468-.37.848-.827.848h-7.81C1.015 30 0 28.96 0 27.681V2.32C0 1.04 1.015 0 2.262 0h19.476zm2.844 16.004l.227.007c.823.053 1.589.39 2.176.964.64.627.993 1.46.993 2.349 0 .888-.353 1.722-.993 2.348l-6.83 6.665c-.11.108-.247.186-.397.226l-5.032 1.363c-.078.021-.16.032-.241.032-.242 0-.478-.097-.647-.266-.23-.231-.314-.566-.218-.874l1.49-4.798c.044-.139.122-.266.227-.369l6.844-6.677c.64-.625 1.493-.97 2.401-.97zm-2.886 3.94l-4.922 4.802-.947 3.048 3.22-.872 4.897-4.78-2.248-2.197zm2.887-2.174c-.425 0-.824.162-1.124.455l-.484.472 2.248 2.197.484-.472c.62-.606.62-1.591 0-2.197l-.117-.104c-.283-.227-.636-.35-1.007-.35zm-10.839.022c.498 0 .904.396.904.883 0 .488-.406.884-.904.884H5.946c-.499 0-.904-.396-.904-.884 0-.487.405-.883.904-.883zm5.042-4.876c.498 0 .904.397.904.884s-.406.884-.904.884H5.946c-.499 0-.904-.397-.904-.884s.405-.884.904-.884zm0-4.875c.498 0 .904.396.904.884 0 .487-.406.883-.904.883H5.946c-.499 0-.904-.396-.904-.883 0-.488.405-.884.904-.884z" fill="#EB0203" fill-rule="evenodd"></path></svg>
                        </span>
                        <div class="available-note d-none"></div>
                        </a>
                        </div>
                        </div>
                        </template>
                        <div class="measurement-unit-section" v-if="isPriceAvailable &amp;&amp; prodUnits ? prodUnits.hasAlternativeUnit : false">
                        <div class="ct-form-radio" @click="setDimension">
                        <input type="radio" title="" class="ct-form-check-input product-measurement-unit" :data-type="prodUnits.selectedUnit == prodUnits.secondaryUnit ? 'primary' : ''" :id="prodUnits.secondaryUnit + '-' + pid + '-measurement-unit-ptile' + additionalTag" :name="'measurement-unit-' + pid + '-ptile' + additionalTag" :value="prodUnits.secondaryUnit" v-model="prodUnits.selectedUnit">
                        <label :class="prodUnits.secondaryUnit + '-label ct-form-check-label mb-0'" :for="prodUnits.secondaryUnit + '-' + pid + '-measurement-unit-ptile' + additionalTag">
                        {{prodUnits.secondaryUnit}}
                        </label>
                        <span class="checkmark"></span>
                        </div>
                        <div class="ct-form-radio" @click="setDimension">
                        <input type="radio" title="" class="ct-form-check-input product-measurement-unit" :data-type="prodUnits.selectedUnit == prodUnits.primaryUnit ? 'primary' : ''" :id="prodUnits.primaryUnit + '-' + pid + '-measurement-unit-ptile' + additionalTag" :name="'measurement-unit-' + pid + '-ptile' + additionalTag" :value="prodUnits.primaryUnit" v-model="prodUnits.selectedUnit">
                        <label :class="prodUnits.primaryUnit + '-label ct-form-check-label mb-0'" :for="prodUnits.primaryUnit + '-' + pid + '-measurement-unit-ptile' + additionalTag">
                        {{prodUnits.primaryUnit}}
                        </label>
                        <span class="checkmark"></span>
                        </div>
                        </div>
                        <template v-if="!isPDP &amp;&amp; isPriceAvailable">
                        <span class="quantity-error ct-span-error product-max-allocation" v-if="isMaxQtyReached">
                        Quantidade máxima atingida
                        </span>
                        <span class="quantity-error ct-span-product product-allocation" v-if="!isMinQtyReached &amp;&amp; !isMaxQtyReached">
                        {{quantitySelected}} no carrinho
                        </span>
                        <span class="quantity-error ct-span-error product-min-allocation" :data-pid="pid" v-if="isMinQtyReached &amp;&amp; !isMaxQtyReached">
                        Quantidade mínima atingida
                        </span>
                        </template>
                        </template>
                        </div>
                        <input class="quantity-value-mask d-none" name="quantity" type="number" min="0" value="" tabindex="0">
                        </div>
                        <button type="button" class="add-to-cart button js-add-to-cart js-add-to-cart-tile 7106089 button--primary dynamic-layout-btn" data-toggle="modal" data-target="#chooseBonusProductModal" data-pid="7106089" data-quantity-value="null" aria-label="Carrinho" tabindex="0">
                        <span class="d-block d-sm-none">
                        <span class="svg-wrapper svg-icon-cart" style="width:20px; height:20px">
                        <svg class="svg-inline icon-cart" xmlns="http://www.w3.org/2000/svg" viewBox="0 0 500 500" width="100%" height="100%"><path fill="#EB0203" fill-rule="evenodd" d="M 485.67317,94.386311 C 476.37798,83.847129 463.09468,78.03348 448.30404,78.03348 H 90.690813 L 87.079511,51.327997 C 83.185582,22.539551 62.962285,0 41.011841,0 H 14.727836 C 6.563151,0 0,6.5286975 0,14.580758 c 0,8.05206 6.5945535,14.580758 14.727836,14.580758 h 26.284005 c 4.710398,0 14.696435,9.855222 16.894619,26.021523 L 100.01739,368.0631 c 1.88416,13.77244 9.01256,26.70549 20.1605,36.37417 8.25889,7.15046 18.02511,11.9071 28.26237,13.89679 -4.17655,7.58572 -6.53175,16.25957 -6.53175,25.493 0,29.53459 24.27424,53.59751 54.13815,53.59751 29.8325,0 54.13814,-24.03184 54.13814,-53.59751 0,-8.79818 -2.19818,-17.09897 -5.9979,-24.43598 h 77.12488 c -3.79973,7.33701 -5.96652,15.6378 -5.96652,24.43598 0,29.53459 24.27424,53.59751 54.13817,53.59751 29.83249,0 54.13814,-24.03184 54.13814,-53.59751 0,-8.79818 -2.1982,-17.09897 -5.9979,-24.43598 h 38.56243 c 8.13328,0 14.72783,-6.5287 14.72783,-14.61183 0,-8.02098 -6.59455,-14.54967 -14.72783,-14.54967 H 159.24277 c -14.38241,0 -28.13677,-11.90711 -30.02092,-26.02153 l -3.07746,-22.88154 h 290.6314 c 14.03698,0 27.94834,-5.28513 39.06488,-14.95381 11.11652,-9.6376 18.27632,-22.57065 20.16048,-36.37417 l 21.10259,-156.78201 c 1.94694,-14.51858 -2.10398,-28.29103 -11.43057,-38.861299 z M 220.76053,443.82706 c 0,13.49265 -11.08513,24.46709 -24.68247,24.46709 -13.62874,0 -24.71387,-10.97444 -24.71387,-24.46709 0,-13.49262 11.08513,-24.43598 24.71387,-24.43598 13.59734,0 24.68247,10.94336 24.68247,24.43598 z m 173.43675,0 c 0,13.49265 -11.08512,24.46709 -24.68245,24.46709 -13.62876,0 -24.71388,-10.97444 -24.71388,-24.46709 0,-13.49262 11.08512,-24.43598 24.71388,-24.43598 13.59733,0 24.68245,10.94336 24.68245,24.43598 z m 73.7648,-314.46558 -21.13397,156.782 c -1.88416,14.11442 -15.63851,26.05261 -30.02091,26.05261 H 122.25046 L 94.616142,107.19499 H 448.33544 c 6.18632,0 11.61896,2.2695 15.23028,6.37326 3.64269,4.13484 5.21283,9.73086 4.39636,15.79323 z"></path></svg>
                        </span>
                        </span>
                        <span class="add-to-cart--text d-none d-sm-block">Carrinho</span>
                        </button>
                        </div>
                        </div>
                        </div>
                        </div>
                        
                        <div class="col-12 d-sm-none">
                        </div>
                        </div>
                        </div>
                        </div>
                        </div><div class="pd-tile-wrap slick-slide slick-active" data-idx="2" style="height: auto; width: 221px;" data-slick-index="1" aria-hidden="false" tabindex="0" role="tabpanel" id="slick-slide11">
                        
                        <script type="text/javascript">//<!--
                        /* <![CDATA[ */
                        (function(){
                        try {
                            if(window.CQuotient) {
                                var cq_params = {};
                                cq_params.cookieId = window.CQuotient.getCQCookieId();
                                cq_params.userId = window.CQuotient.getCQUserId();
                                cq_params.emailId = CQuotient.getCQHashedEmail();
                                cq_params.loginId = CQuotient.getCQHashedLogin();
                                cq_params.accumulate = true;
                                cq_params.products = [{
                                    id: '5181067',
                                    sku: '',
                                    type: '',
                                    alt_id: ''
                                }];
                                cq_params.recommenderName = 'FOOD-MERCEARIA';
                                cq_params.realm = "BDVS";
                                cq_params.siteId = "continente";
                                cq_params.instanceType = "prd";
                                cq_params.locale = window.CQuotient.locale;
                                cq_params.slotId = 'col-category-product-recommendations';
                                cq_params.slotConfigId = 'FOOD Recommender Mercearia - Einstein';
                                cq_params.slotConfigTemplate = 'slots\/recommendation\/recommendedProductsCLP.isml';
                                if(window.CQuotient.sendActivity)
                                    window.CQuotient.sendActivity( CQuotient.clientId, 'viewReco', cq_params );
                                else
                                    window.CQuotient.activities.push( {activityType: 'viewReco', parameters: cq_params} );
                            }
                        } catch(err) {}
                        })();
                        /* ]]> */
                        // -->
                        </script>
                        <script type="text/javascript">//<!--
                        /* <![CDATA[ (viewProduct-active_data.js) */
                        dw.ac._capture({id: "5181067", type: "recommendation"});
                        /* ]]> */
                        // -->
                        </script>
                        <div class="product" data-pid="5181067">
                        <div class="product-tile pid-5181067   ct-product-tile " data-delay-time="3000" data-variants-mapping="[]" data-in-cart-msg="no carrinho" data-one-product-added="Adicionado ao carrinho" data-remove-from-cart-msg="Removido do carrinho" data-stay-open="6000.0" data-product-tile-impression="{&quot;name&quot;:&quot;5181067&quot;,&quot;id&quot;:&quot;5181067&quot;,&quot;price&quot;:2.89,&quot;brand&quot;:&quot;Cem Porcento&quot;,&quot;category&quot;:[{&quot;category_level_1&quot;:&quot;Mercearia&quot;},{&quot;category_level_2&quot;:&quot;Bolachas, Biscoitos e Tostas&quot;},{&quot;category_level_3&quot;:&quot;Bolachas e Biscoitos Salgados&quot;}],&quot;variant&quot;:&quot;&quot;}">
                        <div class="ct-inner-tile-wrap row no-gutters justify-content-center align-content-start">
                        
                        <div class="ct-image-container col-4 col-sm" data-confirmation-image="{&quot;url&quot;:&quot;https://www.continente.pt/dw/image/v2/BDVS_PRD/on/demandware.static/-/Sites-col-master-catalog/default/dw8aed0cb2/images/col/518/5181067-frente.jpg?sw=87&amp;sh=80&quot;,&quot;fallbackimage&quot;:{&quot;url&quot;:&quot;https://www.continente.pt/dw/image/v2/BDVS_PRD/on/demandware.static/Sites-continente-Site/-/default/dw7c42b4da/images/noimagelarge_product.png?sw=87&amp;sh=80&quot;,&quot;title&quot;:&quot;Bolachas Marinheiras com Chia&quot;,&quot;alt&quot;:&quot;Bolachas Marinheiras com Chia&quot;},&quot;title&quot;:&quot;Bolachas Marinheiras com Chia&quot;,&quot;alt&quot;:&quot;Bolachas Marinheiras com Chia&quot;}">
                        <a href="https://www.continente.pt/produto/bolachas-marinheiras-com-chia-cem-porcento-5181067.html?cgid=home" tabindex="0">
                        <picture class="intrinsic intrinsic--square">
                        <img class="ct-tile-image lazyloaded" loading="lazy" onerror="this.onerror=null;this.src='/on/demandware.static/Sites-continente-Site/-/default/dw7c42b4da/images/noimagelarge_product.png';" data-src="https://www.continente.pt/dw/image/v2/BDVS_PRD/on/demandware.static/-/Sites-col-master-catalog/default/dw8aed0cb2/images/col/518/5181067-frente.jpg?sw=280&amp;sh=280" alt="Bolachas Marinheiras com Chia" title="Bolachas Marinheiras com Chia" src="https://www.continente.pt/dw/image/v2/BDVS_PRD/on/demandware.static/-/Sites-col-master-catalog/default/dw8aed0cb2/images/col/518/5181067-frente.jpg?sw=280&amp;sh=280">
                        </picture>
                        </a>
                        <div class="color-swatches d-flex" style="margin-left: 5px;">
                        <div class="swatches d-flex">
                        </div>
                        </div>
                        </div>
                        <div class="ct-tile-body col col-sm-auto ">
                        <div class="ct-pdp-details">
                        <div class="ct-pdp-link">
                        <a class="ct-tile--description" href="https://www.continente.pt/produto/bolachas-marinheiras-com-chia-cem-porcento-5181067.html?cgid=home" tabindex="0">Bolachas Marinheiras com Chia</a>
                        <div class="ct-tile--favorite-top d-sm-none">
                        <button class="wishlist-toggler guest-mode inactive button button--tertiary" data-pid="5181067" data-add-url="https://www.continente.pt/on/demandware.store/Sites-continente-Site/default/Wishlist-AddProduct?pid=5181067" data-toggle="tooltip" aria-label="Adicionar aos favoritos " data-original-title="Adicionar aos favoritos" data-placement="top" tabindex="0">
                        <svg class="active-content" width="100%" height="100%" viewBox="0 0 20 22" fill="none" xmlns="http://www.w3.org/2000/svg">
                        <path fill-rule="evenodd" clip-rule="evenodd" d="M0 1.53052C0 0.685236 0.692171 0 1.54601 0H15.0736C15.9274 0 16.6196 0.685235 16.6196 1.53052V13.4064L15.8127 13.922L14.2658 14.2658L12.7189 13.4064L10.6054 14.3818C10.4994 14.2451 10.3327 14.157 10.1452 14.157H6.76329C6.4431 14.157 6.18354 14.414 6.18354 14.731C6.18354 15.0479 6.4431 15.3049 6.76329 15.3049H10.1452C10.2478 15.3049 10.3441 15.2785 10.4277 15.2322L10.3126 16.8439L13.2345 20.2793H1.54601C0.69217 20.2793 0 19.5941 0 18.7488V1.53052ZM6.18354 5.5483C6.18354 5.23132 6.4431 4.97436 6.76329 4.97436H12.3676C12.6878 4.97436 12.9473 5.23132 12.9473 5.5483C12.9473 5.86528 12.6878 6.12224 12.3676 6.12224H6.76329C6.4431 6.12224 6.18354 5.86528 6.18354 5.5483ZM6.76329 11.0961C6.4431 11.0961 6.18354 11.3531 6.18354 11.6701C6.18354 11.987 6.4431 12.244 6.76329 12.244H12.3676C12.6878 12.244 12.9473 11.987 12.9473 11.6701C12.9473 11.3531 12.6878 11.0961 12.3676 11.0961H6.76329ZM6.18354 8.60985C6.18354 8.29287 6.4431 8.03591 6.76329 8.03591H12.3676C12.6878 8.03591 12.9473 8.29287 12.9473 8.60985C12.9473 8.92684 12.6878 9.1838 12.3676 9.1838H6.76329C6.4431 9.1838 6.18354 8.92684 6.18354 8.60985ZM3.67118 5.5483C3.67118 5.23132 3.93075 4.97436 4.25093 4.97436H4.63743C4.95762 4.97436 5.21719 5.23132 5.21719 5.5483C5.21719 5.86528 4.95762 6.12224 4.63743 6.12224H4.25093C3.93075 6.12224 3.67118 5.86528 3.67118 5.5483ZM4.25093 11.0961C3.93075 11.0961 3.67118 11.3531 3.67118 11.6701C3.67118 11.987 3.93075 12.244 4.25093 12.244H4.63743C4.95762 12.244 5.21719 11.987 5.21719 11.6701C5.21719 11.3531 4.95762 11.0961 4.63743 11.0961H4.25093ZM3.67118 8.60985C3.67118 8.29287 3.93075 8.03591 4.25093 8.03591H4.63743C4.95762 8.03591 5.21719 8.29287 5.21719 8.60985C5.21719 8.92684 4.95762 9.1838 4.63743 9.1838H4.25093C3.93075 9.1838 3.67118 8.92684 3.67118 8.60985ZM4.25093 14.157C3.93075 14.157 3.67118 14.414 3.67118 14.731C3.67118 15.0479 3.93075 15.3049 4.25093 15.3049H4.63743C4.95762 15.3049 5.21719 15.0479 5.21719 14.731C5.21719 14.414 4.95762 14.157 4.63743 14.157H4.25093Z" fill="#EB0203"></path>
                        <path fill-rule="evenodd" clip-rule="evenodd" d="M14.6252 13.6363C13.4918 12.6215 11.7817 12.5264 10.6569 13.4792C9.12421 14.7764 9.34841 16.8912 10.4409 18.0122L14.0159 21.6742C14.2197 21.8832 14.4928 22 14.7822 22C15.0737 22 15.3448 21.8852 15.5486 21.6762L19.1236 18.0142C20.214 16.8933 20.4423 14.7785 18.9075 13.4792C17.7827 12.5283 16.0724 12.6217 14.9391 13.6365C14.8855 13.6845 14.8331 13.7345 14.7822 13.7866C14.7313 13.7345 14.6789 13.6843 14.6252 13.6363ZM18.1546 14.3522C19.0973 15.1508 18.9962 16.4896 18.2891 17.2173C18.2888 17.2175 18.2886 17.2177 18.2884 17.218L14.7832 20.8084L11.2753 17.2151C11.2752 17.215 11.2751 17.2149 11.2749 17.2148C10.5677 16.4887 10.4678 15.1495 11.4104 14.3518L11.4108 14.3514C12.0745 13.7892 13.2018 13.82 13.9488 14.5846L14.7822 15.4378L15.6157 14.5846C16.3617 13.8211 17.4896 13.79 18.1545 14.3521" fill="#EB0203"></path>
                        </svg>
                        <svg class="inactive-content" width="100%" height="100%" viewBox="0 0 20 23" fill="none" xmlns="http://www.w3.org/2000/svg">
                        <path fill-rule="evenodd" clip-rule="evenodd" d="M6.18408 5.77914C6.18408 5.46223 6.44363 5.20532 6.7638 5.20532H12.3678C12.6879 5.20532 12.9475 5.46223 12.9475 5.77914C12.9475 6.09606 12.6879 6.35297 12.3678 6.35297H6.7638C6.44363 6.35297 6.18408 6.09606 6.18408 5.77914Z" fill="#EB0203"></path>
                        <path fill-rule="evenodd" clip-rule="evenodd" d="M6.18408 11.9034C6.18408 11.5865 6.44363 11.3296 6.7638 11.3296H12.3678C12.6879 11.3296 12.9475 11.5865 12.9475 11.9034C12.9475 12.2202 12.6879 12.4771 12.3678 12.4771H6.7638C6.44363 12.4771 6.18408 12.2202 6.18408 11.9034Z" fill="#EB0203"></path>
                        <path fill-rule="evenodd" clip-rule="evenodd" d="M6.18408 8.84116C6.18408 8.52424 6.44363 8.26733 6.7638 8.26733H12.3678C12.6879 8.26733 12.9475 8.52424 12.9475 8.84116C12.9475 9.15807 12.6879 9.41498 12.3678 9.41498H6.7638C6.44363 9.41498 6.18408 9.15807 6.18408 8.84116Z" fill="#EB0203"></path>
                        <path fill-rule="evenodd" clip-rule="evenodd" d="M6.18408 14.9655C6.18408 14.6486 6.44363 14.3917 6.7638 14.3917H10.1455C10.4657 14.3917 10.7252 14.6486 10.7252 14.9655C10.7252 15.2825 10.4657 15.5394 10.1455 15.5394H6.7638C6.44363 15.5394 6.18408 15.2825 6.18408 14.9655Z" fill="#EB0203"></path>
                        <path fill-rule="evenodd" clip-rule="evenodd" d="M3.67139 5.77914C3.67139 5.46223 3.93094 5.20532 4.25111 5.20532H4.63759C4.95776 5.20532 5.21731 5.46223 5.21731 5.77914C5.21731 6.09606 4.95776 6.35297 4.63759 6.35297H4.25111C3.93094 6.35297 3.67139 6.09606 3.67139 5.77914Z" fill="#EB0203"></path>
                        <path fill-rule="evenodd" clip-rule="evenodd" d="M3.67139 11.9034C3.67139 11.5865 3.93094 11.3296 4.25111 11.3296H4.63759C4.95776 11.3296 5.21731 11.5865 5.21731 11.9034C5.21731 12.2202 4.95776 12.4771 4.63759 12.4771H4.25111C3.93094 12.4771 3.67139 12.2202 3.67139 11.9034Z" fill="#EB0203"></path>
                        <path fill-rule="evenodd" clip-rule="evenodd" d="M3.67139 8.84116C3.67139 8.52424 3.93094 8.26733 4.25111 8.26733H4.63759C4.95776 8.26733 5.21731 8.52424 5.21731 8.84116C5.21731 9.15807 4.95776 9.41498 4.63759 9.41498H4.25111C3.93094 9.41498 3.67139 9.15807 3.67139 8.84116Z" fill="#EB0203"></path>
                        <path fill-rule="evenodd" clip-rule="evenodd" d="M3.67139 14.9655C3.67139 14.6486 3.93094 14.3917 4.25111 14.3917H4.63759C4.95776 14.3917 5.21731 14.6486 5.21731 14.9655C5.21731 15.2825 4.95776 15.5394 4.63759 15.5394H4.25111C3.93094 15.5394 3.67139 15.2825 3.67139 14.9655Z" fill="#EB0203"></path>
                        <path fill-rule="evenodd" clip-rule="evenodd" d="M0 1.76033C0 0.914738 0.692131 0.229248 1.54592 0.229248H15.0727C15.9265 0.229248 16.6186 0.914738 16.6186 1.76033V11.2818C16.6186 11.5989 16.3591 11.8559 16.0389 11.8559C15.7187 11.8559 15.4592 11.5989 15.4592 11.2818V1.76033C15.4592 1.54893 15.2862 1.37756 15.0727 1.37756H1.54592C1.33247 1.37756 1.15944 1.54893 1.15944 1.76033V18.985C1.15944 19.1964 1.33247 19.3678 1.54592 19.3678H9.27551C9.59568 19.3678 9.85523 19.6249 9.85523 19.942C9.85523 20.2591 9.59568 20.5161 9.27551 20.5161H1.54592C0.692131 20.5161 0 19.8306 0 18.985V1.76033Z" fill="#EB0203"></path>
                        <path fill-rule="evenodd" clip-rule="evenodd" d="M14.6254 13.8718C13.4921 12.8567 11.7821 12.7615 10.6574 13.7147C9.12472 15.0124 9.34891 17.128 10.4413 18.2493L14.0161 21.9126C14.2199 22.1217 14.493 22.2386 14.7824 22.2386C15.0739 22.2386 15.3449 22.1238 15.5487 21.9147L19.1235 18.2514C20.2139 17.13 20.4422 15.0144 18.9075 13.7147C17.7827 12.7634 16.0726 12.8569 14.9392 13.872C14.8856 13.92 14.8333 13.9701 14.7824 14.0222C14.7314 13.97 14.6791 13.9199 14.6254 13.8718ZM18.1546 14.588C19.0972 15.3869 18.9961 16.7262 18.2891 17.4541C18.2888 17.4543 18.2886 17.4546 18.2884 17.4548L14.7834 21.0466L11.2757 17.452C11.2756 17.4519 11.2755 17.4517 11.2753 17.4516C10.5681 16.7252 10.4682 15.3856 11.4108 14.5876L11.4112 14.5872C12.0748 14.0248 13.202 14.0556 13.949 14.8205L14.7824 15.674L15.6158 14.8205C16.3618 14.0567 17.4896 14.0256 18.1545 14.5879" fill="#EB0203"></path>
                        </svg>
                        </button>
                        </div>
                        </div>
                        <p class="ct-tile--brand">Cem Porcento</p>
                        <p class="ct-tile--quantity">emb. 200 gr</p>
                        </div>
                        <div class="ct-tile-bottom row no-gutters justify-content-between">
                        <div class="ct-price-wrap col-8 col-sm-12">
                        <div class="price js-product-price">
                        <div class="prices-wrapper">
                        <span class="sales ct-tile--price-primary ">
                        <span class="value" content="2.89">
                        <span class="ct-price-formatted">
                        €2,89
                        </span>
                        <span class="ct-m-unit">
                        /un
                        </span>
                        </span>
                        </span>
                        </div>
                        <div class="ct-tile--price-secondary">
                        <span class="ct-price-value">
                        €14,45
                        </span>
                        <span class="ct-m-unit">
                        /kg
                        </span>
                        </div>
                        </div>
                        </div>
                        <div class="ct-tile-buy-section d-flex justify-content-center no-gutters col-auto col-sm-12">
                        <div class="col-2 d-sm-flex d-none">
                        <button class="wishlist-toggler guest-mode inactive button button--tertiary" data-pid="5181067" data-add-url="https://www.continente.pt/on/demandware.store/Sites-continente-Site/default/Wishlist-AddProduct?pid=5181067" data-toggle="tooltip" aria-label="Adicionar aos favoritos " data-original-title="Adicionar aos favoritos" data-placement="top" tabindex="0">
                        <svg class="active-content" width="100%" height="100%" viewBox="0 0 20 22" fill="none" xmlns="http://www.w3.org/2000/svg">
                        <path fill-rule="evenodd" clip-rule="evenodd" d="M0 1.53052C0 0.685236 0.692171 0 1.54601 0H15.0736C15.9274 0 16.6196 0.685235 16.6196 1.53052V13.4064L15.8127 13.922L14.2658 14.2658L12.7189 13.4064L10.6054 14.3818C10.4994 14.2451 10.3327 14.157 10.1452 14.157H6.76329C6.4431 14.157 6.18354 14.414 6.18354 14.731C6.18354 15.0479 6.4431 15.3049 6.76329 15.3049H10.1452C10.2478 15.3049 10.3441 15.2785 10.4277 15.2322L10.3126 16.8439L13.2345 20.2793H1.54601C0.69217 20.2793 0 19.5941 0 18.7488V1.53052ZM6.18354 5.5483C6.18354 5.23132 6.4431 4.97436 6.76329 4.97436H12.3676C12.6878 4.97436 12.9473 5.23132 12.9473 5.5483C12.9473 5.86528 12.6878 6.12224 12.3676 6.12224H6.76329C6.4431 6.12224 6.18354 5.86528 6.18354 5.5483ZM6.76329 11.0961C6.4431 11.0961 6.18354 11.3531 6.18354 11.6701C6.18354 11.987 6.4431 12.244 6.76329 12.244H12.3676C12.6878 12.244 12.9473 11.987 12.9473 11.6701C12.9473 11.3531 12.6878 11.0961 12.3676 11.0961H6.76329ZM6.18354 8.60985C6.18354 8.29287 6.4431 8.03591 6.76329 8.03591H12.3676C12.6878 8.03591 12.9473 8.29287 12.9473 8.60985C12.9473 8.92684 12.6878 9.1838 12.3676 9.1838H6.76329C6.4431 9.1838 6.18354 8.92684 6.18354 8.60985ZM3.67118 5.5483C3.67118 5.23132 3.93075 4.97436 4.25093 4.97436H4.63743C4.95762 4.97436 5.21719 5.23132 5.21719 5.5483C5.21719 5.86528 4.95762 6.12224 4.63743 6.12224H4.25093C3.93075 6.12224 3.67118 5.86528 3.67118 5.5483ZM4.25093 11.0961C3.93075 11.0961 3.67118 11.3531 3.67118 11.6701C3.67118 11.987 3.93075 12.244 4.25093 12.244H4.63743C4.95762 12.244 5.21719 11.987 5.21719 11.6701C5.21719 11.3531 4.95762 11.0961 4.63743 11.0961H4.25093ZM3.67118 8.60985C3.67118 8.29287 3.93075 8.03591 4.25093 8.03591H4.63743C4.95762 8.03591 5.21719 8.29287 5.21719 8.60985C5.21719 8.92684 4.95762 9.1838 4.63743 9.1838H4.25093C3.93075 9.1838 3.67118 8.92684 3.67118 8.60985ZM4.25093 14.157C3.93075 14.157 3.67118 14.414 3.67118 14.731C3.67118 15.0479 3.93075 15.3049 4.25093 15.3049H4.63743C4.95762 15.3049 5.21719 15.0479 5.21719 14.731C5.21719 14.414 4.95762 14.157 4.63743 14.157H4.25093Z" fill="#EB0203"></path>
                        <path fill-rule="evenodd" clip-rule="evenodd" d="M14.6252 13.6363C13.4918 12.6215 11.7817 12.5264 10.6569 13.4792C9.12421 14.7764 9.34841 16.8912 10.4409 18.0122L14.0159 21.6742C14.2197 21.8832 14.4928 22 14.7822 22C15.0737 22 15.3448 21.8852 15.5486 21.6762L19.1236 18.0142C20.214 16.8933 20.4423 14.7785 18.9075 13.4792C17.7827 12.5283 16.0724 12.6217 14.9391 13.6365C14.8855 13.6845 14.8331 13.7345 14.7822 13.7866C14.7313 13.7345 14.6789 13.6843 14.6252 13.6363ZM18.1546 14.3522C19.0973 15.1508 18.9962 16.4896 18.2891 17.2173C18.2888 17.2175 18.2886 17.2177 18.2884 17.218L14.7832 20.8084L11.2753 17.2151C11.2752 17.215 11.2751 17.2149 11.2749 17.2148C10.5677 16.4887 10.4678 15.1495 11.4104 14.3518L11.4108 14.3514C12.0745 13.7892 13.2018 13.82 13.9488 14.5846L14.7822 15.4378L15.6157 14.5846C16.3617 13.8211 17.4896 13.79 18.1545 14.3521" fill="#EB0203"></path>
                        </svg>
                        <svg class="inactive-content" width="100%" height="100%" viewBox="0 0 20 23" fill="none" xmlns="http://www.w3.org/2000/svg">
                        <path fill-rule="evenodd" clip-rule="evenodd" d="M6.18408 5.77914C6.18408 5.46223 6.44363 5.20532 6.7638 5.20532H12.3678C12.6879 5.20532 12.9475 5.46223 12.9475 5.77914C12.9475 6.09606 12.6879 6.35297 12.3678 6.35297H6.7638C6.44363 6.35297 6.18408 6.09606 6.18408 5.77914Z" fill="#EB0203"></path>
                        <path fill-rule="evenodd" clip-rule="evenodd" d="M6.18408 11.9034C6.18408 11.5865 6.44363 11.3296 6.7638 11.3296H12.3678C12.6879 11.3296 12.9475 11.5865 12.9475 11.9034C12.9475 12.2202 12.6879 12.4771 12.3678 12.4771H6.7638C6.44363 12.4771 6.18408 12.2202 6.18408 11.9034Z" fill="#EB0203"></path>
                        <path fill-rule="evenodd" clip-rule="evenodd" d="M6.18408 8.84116C6.18408 8.52424 6.44363 8.26733 6.7638 8.26733H12.3678C12.6879 8.26733 12.9475 8.52424 12.9475 8.84116C12.9475 9.15807 12.6879 9.41498 12.3678 9.41498H6.7638C6.44363 9.41498 6.18408 9.15807 6.18408 8.84116Z" fill="#EB0203"></path>
                        <path fill-rule="evenodd" clip-rule="evenodd" d="M6.18408 14.9655C6.18408 14.6486 6.44363 14.3917 6.7638 14.3917H10.1455C10.4657 14.3917 10.7252 14.6486 10.7252 14.9655C10.7252 15.2825 10.4657 15.5394 10.1455 15.5394H6.7638C6.44363 15.5394 6.18408 15.2825 6.18408 14.9655Z" fill="#EB0203"></path>
                        <path fill-rule="evenodd" clip-rule="evenodd" d="M3.67139 5.77914C3.67139 5.46223 3.93094 5.20532 4.25111 5.20532H4.63759C4.95776 5.20532 5.21731 5.46223 5.21731 5.77914C5.21731 6.09606 4.95776 6.35297 4.63759 6.35297H4.25111C3.93094 6.35297 3.67139 6.09606 3.67139 5.77914Z" fill="#EB0203"></path>
                        <path fill-rule="evenodd" clip-rule="evenodd" d="M3.67139 11.9034C3.67139 11.5865 3.93094 11.3296 4.25111 11.3296H4.63759C4.95776 11.3296 5.21731 11.5865 5.21731 11.9034C5.21731 12.2202 4.95776 12.4771 4.63759 12.4771H4.25111C3.93094 12.4771 3.67139 12.2202 3.67139 11.9034Z" fill="#EB0203"></path>
                        <path fill-rule="evenodd" clip-rule="evenodd" d="M3.67139 8.84116C3.67139 8.52424 3.93094 8.26733 4.25111 8.26733H4.63759C4.95776 8.26733 5.21731 8.52424 5.21731 8.84116C5.21731 9.15807 4.95776 9.41498 4.63759 9.41498H4.25111C3.93094 9.41498 3.67139 9.15807 3.67139 8.84116Z" fill="#EB0203"></path>
                        <path fill-rule="evenodd" clip-rule="evenodd" d="M3.67139 14.9655C3.67139 14.6486 3.93094 14.3917 4.25111 14.3917H4.63759C4.95776 14.3917 5.21731 14.6486 5.21731 14.9655C5.21731 15.2825 4.95776 15.5394 4.63759 15.5394H4.25111C3.93094 15.5394 3.67139 15.2825 3.67139 14.9655Z" fill="#EB0203"></path>
                        <path fill-rule="evenodd" clip-rule="evenodd" d="M0 1.76033C0 0.914738 0.692131 0.229248 1.54592 0.229248H15.0727C15.9265 0.229248 16.6186 0.914738 16.6186 1.76033V11.2818C16.6186 11.5989 16.3591 11.8559 16.0389 11.8559C15.7187 11.8559 15.4592 11.5989 15.4592 11.2818V1.76033C15.4592 1.54893 15.2862 1.37756 15.0727 1.37756H1.54592C1.33247 1.37756 1.15944 1.54893 1.15944 1.76033V18.985C1.15944 19.1964 1.33247 19.3678 1.54592 19.3678H9.27551C9.59568 19.3678 9.85523 19.6249 9.85523 19.942C9.85523 20.2591 9.59568 20.5161 9.27551 20.5161H1.54592C0.692131 20.5161 0 19.8306 0 18.985V1.76033Z" fill="#EB0203"></path>
                        <path fill-rule="evenodd" clip-rule="evenodd" d="M14.6254 13.8718C13.4921 12.8567 11.7821 12.7615 10.6574 13.7147C9.12472 15.0124 9.34891 17.128 10.4413 18.2493L14.0161 21.9126C14.2199 22.1217 14.493 22.2386 14.7824 22.2386C15.0739 22.2386 15.3449 22.1238 15.5487 21.9147L19.1235 18.2514C20.2139 17.13 20.4422 15.0144 18.9075 13.7147C17.7827 12.7634 16.0726 12.8569 14.9392 13.872C14.8856 13.92 14.8333 13.9701 14.7824 14.0222C14.7314 13.97 14.6791 13.9199 14.6254 13.8718ZM18.1546 14.588C19.0972 15.3869 18.9961 16.7262 18.2891 17.4541C18.2888 17.4543 18.2886 17.4546 18.2884 17.4548L14.7834 21.0466L11.2757 17.452C11.2756 17.4519 11.2755 17.4517 11.2753 17.4516C10.5681 16.7252 10.4682 15.3856 11.4108 14.5876L11.4112 14.5872C12.0748 14.0248 13.202 14.0556 13.949 14.8205L14.7824 15.674L15.6158 14.8205C16.3618 14.0567 17.4896 14.0256 18.1545 14.5879" fill="#EB0203"></path>
                        </svg>
                        </button>
                        </div>
                        <div class="col-sm-10 col-12">
                        <div class="ct-tile-quantity d-none" data-pid="5181067">
                        <input type="hidden" class="add-to-cart-url" value="https://www.continente.pt/on/demandware.store/Sites-continente-Site/default/Cart-AddProduct" tabindex="0">
                        <div class="d-none tile-delete-confirmation-btn" data-pid="5181067" data-delay-time="3000" data-in-cart-msg="no carrinho" data-one-product-added="Adicionado ao carrinho" data-remove-from-cart-msg="Removido do carrinho" data-stay-open="6000.0" data-confirmation-image="{&quot;url&quot;:&quot;https://www.continente.pt/dw/image/v2/BDVS_PRD/on/demandware.static/-/Sites-col-master-catalog/default/dw8aed0cb2/images/col/518/5181067-frente.jpg?sw=87&amp;sh=80&quot;,&quot;fallbackimage&quot;:{&quot;url&quot;:&quot;https://www.continente.pt/dw/image/v2/BDVS_PRD/on/demandware.static/Sites-continente-Site/-/default/dw7c42b4da/images/noimagelarge_product.png?sw=87&amp;sh=80&quot;,&quot;title&quot;:&quot;Bolachas Marinheiras com Chia&quot;,&quot;alt&quot;:&quot;Bolachas Marinheiras com Chia&quot;},&quot;title&quot;:&quot;Bolachas Marinheiras com Chia&quot;,&quot;alt&quot;:&quot;Bolachas Marinheiras com Chia&quot;}"></div>
                        <div class="ct-tile-quantity-update quantity-update product-qty-vue" data-remove-action="https://www.continente.pt/on/demandware.store/Sites-continente-Site/default/Cart-RemoveProductLineItem" data-action="https://www.continente.pt/on/demandware.store/Sites-continente-Site/default/Cart-UpdateQuantity" data-dimension-update="https://www.continente.pt/on/demandware.store/Sites-continente-Site/default/Cart-DimensionUpdate" data-pid="5181067" data-uuid="9fd75b10e7822967fbb190b3e2" data-add-delay="500.0" data-measure-options="{&quot;hasConversionRate&quot;:false,&quot;hasAlternativeSaleUnit&quot;:false,&quot;unitConversionRate&quot;:0,&quot;minOrderQuantity&quot;:1,&quot;stepQuantity&quot;:1,&quot;primaryunit&quot;:&quot;un&quot;,&quot;secondaryunit&quot;:&quot;kg&quot;,&quot;selectedunit&quot;:&quot;primary&quot;,&quot;maxNumberOfUnitsPerSale&quot;:50}" data-price-available="null" :data-has-error="isMaxQtyReached || isMinQtyReached || qtySelectedMoreThanOne">
                        <template v-show="prodUnits">
                        <div class="quantity-input-wrapper has-units">
                        <label class="visually-hidden" :for="'quantity-' + pid + additionalTag">
                        Quantidade no carrinho
                        </label>
                        <input :ref="'quantityInput-' + pid + additionalTag" class="add-to-cart-quantity form-control ct-form-input text-center" inputmode="numeric" :class="{'is-invalid': isInvalid}" :data-pid="pid + additionalTag" :name="'quantity-' + pid + additionalTag" type="text" aria-label="Insira a quantidade" title="" v-model="displayValue" @change="updateQuantity" @focus="updateQtyFormat" @blur="restoreQtyFormat" :disabled="!isPriceAvailable">
                        <span class="quantity-icon quantity-icon--minus">
                        <button class="decrease-quantity-btn" @click="updateQuantity" :disabled="!isPriceAvailable" role="button" aria-label="Reduzir quantidade">
                        <i class="css-math-minus"></i>
                        </button>
                        </span>
                        <span class="quantity-icon quantity-icon--plus">
                        <button class="increase-quantity-btn" @click="updateQuantity" :disabled="isMaxQtyReached || !isPriceAvailable" role="button" aria-label="Aumentar quantidade">
                        <i class="css-math-plus"></i>
                        </button>
                        <span class="quantity-btn-disabled-placeholder"></span>
                        </span>
                        <template v-if="isPDP">
                        <span class="quantity-error ct-span-error text-sm-center product-max-allocation" v-if="isMaxQtyReached">
                        Quantidade máxima atingida
                        </span>
                        <span class="quantity-error ct-span-product text-sm-center product-allocation" v-if="!isMinQtyReached &amp;&amp; !isMaxQtyReached">
                        {{quantitySelected}} no carrinho
                        </span>
                        <span class="quantity-error ct-span-error text-sm-center product-min-allocation" :data-pid="pid" v-if="isMinQtyReached &amp;&amp; !isMaxQtyReached">
                        Quantidade mínima atingida
                        </span>
                        </template>
                        </div>
                        <template v-if="showNotes">
                        <div class="add-note-link-container ">
                        <div class="add-note">
                        <a href="/produto/bolachas-marinheiras-com-chia-cem-porcento-5181067.html?showNote=true" class="ct-add-note-redirect-pdp" aria-label="Adicionar comentário">
                        <span class="svg-wrapper svg-icon-notes" style="width:19px; height:20px">
                        <svg class="svg-inline icon-notes" viewBox="0 0 28 30" xmlns="http://www.w3.org/2000/svg" width="100%" height="100%"><path d="M21.738 0C22.985 0 24 1.04 24 2.319V12.47c0 .469-.37.848-.828.848-.457 0-.827-.38-.827-.848V2.32c0-.343-.273-.622-.607-.622H2.262c-.334 0-.607.279-.607.622V27.68c0 .343.273.622.607.622h7.81c.457 0 .827.38.827.849 0 .468-.37.848-.827.848h-7.81C1.015 30 0 28.96 0 27.681V2.32C0 1.04 1.015 0 2.262 0h19.476zm2.844 16.004l.227.007c.823.053 1.589.39 2.176.964.64.627.993 1.46.993 2.349 0 .888-.353 1.722-.993 2.348l-6.83 6.665c-.11.108-.247.186-.397.226l-5.032 1.363c-.078.021-.16.032-.241.032-.242 0-.478-.097-.647-.266-.23-.231-.314-.566-.218-.874l1.49-4.798c.044-.139.122-.266.227-.369l6.844-6.677c.64-.625 1.493-.97 2.401-.97zm-2.886 3.94l-4.922 4.802-.947 3.048 3.22-.872 4.897-4.78-2.248-2.197zm2.887-2.174c-.425 0-.824.162-1.124.455l-.484.472 2.248 2.197.484-.472c.62-.606.62-1.591 0-2.197l-.117-.104c-.283-.227-.636-.35-1.007-.35zm-10.839.022c.498 0 .904.396.904.883 0 .488-.406.884-.904.884H5.946c-.499 0-.904-.396-.904-.884 0-.487.405-.883.904-.883zm5.042-4.876c.498 0 .904.397.904.884s-.406.884-.904.884H5.946c-.499 0-.904-.397-.904-.884s.405-.884.904-.884zm0-4.875c.498 0 .904.396.904.884 0 .487-.406.883-.904.883H5.946c-.499 0-.904-.396-.904-.883 0-.488.405-.884.904-.884z" fill="#EB0203" fill-rule="evenodd"></path></svg>
                        </span>
                        <div class="available-note d-none"></div>
                        </a>
                        </div>
                        </div>
                        </template>
                        <div class="measurement-unit-section" v-if="isPriceAvailable &amp;&amp; prodUnits ? prodUnits.hasAlternativeUnit : false">
                        <div class="ct-form-radio" @click="setDimension">
                        <input type="radio" title="" class="ct-form-check-input product-measurement-unit" :data-type="prodUnits.selectedUnit == prodUnits.secondaryUnit ? 'primary' : ''" :id="prodUnits.secondaryUnit + '-' + pid + '-measurement-unit-ptile' + additionalTag" :name="'measurement-unit-' + pid + '-ptile' + additionalTag" :value="prodUnits.secondaryUnit" v-model="prodUnits.selectedUnit">
                        <label :class="prodUnits.secondaryUnit + '-label ct-form-check-label mb-0'" :for="prodUnits.secondaryUnit + '-' + pid + '-measurement-unit-ptile' + additionalTag">
                        {{prodUnits.secondaryUnit}}
                        </label>
                        <span class="checkmark"></span>
                        </div>
                        <div class="ct-form-radio" @click="setDimension">
                        <input type="radio" title="" class="ct-form-check-input product-measurement-unit" :data-type="prodUnits.selectedUnit == prodUnits.primaryUnit ? 'primary' : ''" :id="prodUnits.primaryUnit + '-' + pid + '-measurement-unit-ptile' + additionalTag" :name="'measurement-unit-' + pid + '-ptile' + additionalTag" :value="prodUnits.primaryUnit" v-model="prodUnits.selectedUnit">
                        <label :class="prodUnits.primaryUnit + '-label ct-form-check-label mb-0'" :for="prodUnits.primaryUnit + '-' + pid + '-measurement-unit-ptile' + additionalTag">
                        {{prodUnits.primaryUnit}}
                        </label>
                        <span class="checkmark"></span>
                        </div>
                        </div>
                        <template v-if="!isPDP &amp;&amp; isPriceAvailable">
                        <span class="quantity-error ct-span-error product-max-allocation" v-if="isMaxQtyReached">
                        Quantidade máxima atingida
                        </span>
                        <span class="quantity-error ct-span-product product-allocation" v-if="!isMinQtyReached &amp;&amp; !isMaxQtyReached">
                        {{quantitySelected}} no carrinho
                        </span>
                        <span class="quantity-error ct-span-error product-min-allocation" :data-pid="pid" v-if="isMinQtyReached &amp;&amp; !isMaxQtyReached">
                        Quantidade mínima atingida
                        </span>
                        </template>
                        </template>
                        </div>
                        <input class="quantity-value-mask d-none" name="quantity" type="number" min="0" value="" tabindex="0">
                        </div>
                        <button type="button" class="add-to-cart button js-add-to-cart js-add-to-cart-tile 5181067 button--primary dynamic-layout-btn" data-toggle="modal" data-target="#chooseBonusProductModal" data-pid="5181067" data-quantity-value="null" aria-label="Carrinho" tabindex="0">
                        <span class="d-block d-sm-none">
                        <span class="svg-wrapper svg-icon-cart" style="width:20px; height:20px">
                        <svg class="svg-inline icon-cart" xmlns="http://www.w3.org/2000/svg" viewBox="0 0 500 500" width="100%" height="100%"><path fill="#EB0203" fill-rule="evenodd" d="M 485.67317,94.386311 C 476.37798,83.847129 463.09468,78.03348 448.30404,78.03348 H 90.690813 L 87.079511,51.327997 C 83.185582,22.539551 62.962285,0 41.011841,0 H 14.727836 C 6.563151,0 0,6.5286975 0,14.580758 c 0,8.05206 6.5945535,14.580758 14.727836,14.580758 h 26.284005 c 4.710398,0 14.696435,9.855222 16.894619,26.021523 L 100.01739,368.0631 c 1.88416,13.77244 9.01256,26.70549 20.1605,36.37417 8.25889,7.15046 18.02511,11.9071 28.26237,13.89679 -4.17655,7.58572 -6.53175,16.25957 -6.53175,25.493 0,29.53459 24.27424,53.59751 54.13815,53.59751 29.8325,0 54.13814,-24.03184 54.13814,-53.59751 0,-8.79818 -2.19818,-17.09897 -5.9979,-24.43598 h 77.12488 c -3.79973,7.33701 -5.96652,15.6378 -5.96652,24.43598 0,29.53459 24.27424,53.59751 54.13817,53.59751 29.83249,0 54.13814,-24.03184 54.13814,-53.59751 0,-8.79818 -2.1982,-17.09897 -5.9979,-24.43598 h 38.56243 c 8.13328,0 14.72783,-6.5287 14.72783,-14.61183 0,-8.02098 -6.59455,-14.54967 -14.72783,-14.54967 H 159.24277 c -14.38241,0 -28.13677,-11.90711 -30.02092,-26.02153 l -3.07746,-22.88154 h 290.6314 c 14.03698,0 27.94834,-5.28513 39.06488,-14.95381 11.11652,-9.6376 18.27632,-22.57065 20.16048,-36.37417 l 21.10259,-156.78201 c 1.94694,-14.51858 -2.10398,-28.29103 -11.43057,-38.861299 z M 220.76053,443.82706 c 0,13.49265 -11.08513,24.46709 -24.68247,24.46709 -13.62874,0 -24.71387,-10.97444 -24.71387,-24.46709 0,-13.49262 11.08513,-24.43598 24.71387,-24.43598 13.59734,0 24.68247,10.94336 24.68247,24.43598 z m 173.43675,0 c 0,13.49265 -11.08512,24.46709 -24.68245,24.46709 -13.62876,0 -24.71388,-10.97444 -24.71388,-24.46709 0,-13.49262 11.08512,-24.43598 24.71388,-24.43598 13.59733,0 24.68245,10.94336 24.68245,24.43598 z m 73.7648,-314.46558 -21.13397,156.782 c -1.88416,14.11442 -15.63851,26.05261 -30.02091,26.05261 H 122.25046 L 94.616142,107.19499 H 448.33544 c 6.18632,0 11.61896,2.2695 15.23028,6.37326 3.64269,4.13484 5.21283,9.73086 4.39636,15.79323 z"></path></svg>
                        </span>
                        </span>
                        <span class="add-to-cart--text d-none d-sm-block">Carrinho</span>
                        </button>
                        </div>
                        </div>
                        </div>
                        </div>
                        
                        <div class="col-12 d-sm-none">
                        </div>
                        </div>
                        </div>
                        </div>
                        </div><div class="pd-tile-wrap slick-slide slick-active" data-idx="3" style="height: auto; width: 221px;" data-slick-index="2" aria-hidden="false" tabindex="0" role="tabpanel" id="slick-slide12">
                        
                        <script type="text/javascript">//<!--
                        /* <![CDATA[ */
                        (function(){
                        try {
                            if(window.CQuotient) {
                                var cq_params = {};
                                cq_params.cookieId = window.CQuotient.getCQCookieId();
                                cq_params.userId = window.CQuotient.getCQUserId();
                                cq_params.emailId = CQuotient.getCQHashedEmail();
                                cq_params.loginId = CQuotient.getCQHashedLogin();
                                cq_params.accumulate = true;
                                cq_params.products = [{
                                    id: '2463432',
                                    sku: '',
                                    type: '',
                                    alt_id: ''
                                }];
                                cq_params.recommenderName = 'FOOD-MERCEARIA';
                                cq_params.realm = "BDVS";
                                cq_params.siteId = "continente";
                                cq_params.instanceType = "prd";
                                cq_params.locale = window.CQuotient.locale;
                                cq_params.slotId = 'col-category-product-recommendations';
                                cq_params.slotConfigId = 'FOOD Recommender Mercearia - Einstein';
                                cq_params.slotConfigTemplate = 'slots\/recommendation\/recommendedProductsCLP.isml';
                                if(window.CQuotient.sendActivity)
                                    window.CQuotient.sendActivity( CQuotient.clientId, 'viewReco', cq_params );
                                else
                                    window.CQuotient.activities.push( {activityType: 'viewReco', parameters: cq_params} );
                            }
                        } catch(err) {}
                        })();
                        /* ]]> */
                        // -->
                        </script>
                        <script type="text/javascript">//<!--
                        /* <![CDATA[ (viewProduct-active_data.js) */
                        dw.ac._capture({id: "2463432", type: "recommendation"});
                        /* ]]> */
                        // -->
                        </script>
                        <div class="product" data-pid="2463432">
                        <div class="product-tile pid-2463432   ct-product-tile " data-delay-time="3000" data-variants-mapping="[]" data-in-cart-msg="no carrinho" data-one-product-added="Adicionado ao carrinho" data-remove-from-cart-msg="Removido do carrinho" data-stay-open="6000.0" data-product-tile-impression="{&quot;name&quot;:&quot;2463432&quot;,&quot;id&quot;:&quot;2463432&quot;,&quot;price&quot;:1.99,&quot;brand&quot;:&quot;Chips Ahoy&quot;,&quot;category&quot;:[{&quot;category_level_1&quot;:&quot;Mercearia&quot;},{&quot;category_level_2&quot;:&quot;Bolachas, Biscoitos e Tostas&quot;},{&quot;category_level_3&quot;:&quot;Bolachas de Chocolate&quot;}],&quot;variant&quot;:&quot;&quot;}">
                        <div class="ct-inner-tile-wrap row no-gutters justify-content-center align-content-start">
                        
                        <div class="ct-image-container col-4 col-sm" data-confirmation-image="{&quot;url&quot;:&quot;https://www.continente.pt/dw/image/v2/BDVS_PRD/on/demandware.static/-/Sites-col-master-catalog/default/dwd69cc896/images/col/246/2463432-frente.jpg?sw=87&amp;sh=80&quot;,&quot;fallbackimage&quot;:{&quot;url&quot;:&quot;https://www.continente.pt/dw/image/v2/BDVS_PRD/on/demandware.static/Sites-continente-Site/-/default/dw7c42b4da/images/noimagelarge_product.png?sw=87&amp;sh=80&quot;,&quot;title&quot;:&quot;Bolachas Mini Pepitas de Chocolate&quot;,&quot;alt&quot;:&quot;Bolachas Mini Pepitas de Chocolate&quot;},&quot;title&quot;:&quot;Bolachas Mini Pepitas de Chocolate&quot;,&quot;alt&quot;:&quot;Bolachas Mini Pepitas de Chocolate&quot;}">
                        <a href="https://www.continente.pt/produto/bolachas-mini-pepitas-de-chocolate-chips-ahoy-2463432.html?cgid=home" tabindex="0">
                        <picture class="intrinsic intrinsic--square">
                        <img class="ct-tile-image lazyloaded" loading="lazy" onerror="this.onerror=null;this.src='/on/demandware.static/Sites-continente-Site/-/default/dw7c42b4da/images/noimagelarge_product.png';" data-src="https://www.continente.pt/dw/image/v2/BDVS_PRD/on/demandware.static/-/Sites-col-master-catalog/default/dwd69cc896/images/col/246/2463432-frente.jpg?sw=280&amp;sh=280" alt="Bolachas Mini Pepitas de Chocolate" title="Bolachas Mini Pepitas de Chocolate" src="https://www.continente.pt/dw/image/v2/BDVS_PRD/on/demandware.static/-/Sites-col-master-catalog/default/dwd69cc896/images/col/246/2463432-frente.jpg?sw=280&amp;sh=280">
                        </picture>
                        </a>
                        <div class="color-swatches d-flex" style="margin-left: 5px;">
                        <div class="swatches d-flex">
                        </div>
                        </div>
                        </div>
                        <div class="ct-tile-body col col-sm-auto ">
                        <div class="ct-pdp-details">
                        <div class="ct-pdp-link">
                        <a class="ct-tile--description" href="https://www.continente.pt/produto/bolachas-mini-pepitas-de-chocolate-chips-ahoy-2463432.html?cgid=home" tabindex="0">Bolachas Mini Pepitas de Chocolate</a>
                        <div class="ct-tile--favorite-top d-sm-none">
                        <button class="wishlist-toggler guest-mode inactive button button--tertiary" data-pid="2463432" data-add-url="https://www.continente.pt/on/demandware.store/Sites-continente-Site/default/Wishlist-AddProduct?pid=2463432" data-toggle="tooltip" aria-label="Adicionar aos favoritos " data-original-title="Adicionar aos favoritos" data-placement="top" tabindex="0">
                        <svg class="active-content" width="100%" height="100%" viewBox="0 0 20 22" fill="none" xmlns="http://www.w3.org/2000/svg">
                        <path fill-rule="evenodd" clip-rule="evenodd" d="M0 1.53052C0 0.685236 0.692171 0 1.54601 0H15.0736C15.9274 0 16.6196 0.685235 16.6196 1.53052V13.4064L15.8127 13.922L14.2658 14.2658L12.7189 13.4064L10.6054 14.3818C10.4994 14.2451 10.3327 14.157 10.1452 14.157H6.76329C6.4431 14.157 6.18354 14.414 6.18354 14.731C6.18354 15.0479 6.4431 15.3049 6.76329 15.3049H10.1452C10.2478 15.3049 10.3441 15.2785 10.4277 15.2322L10.3126 16.8439L13.2345 20.2793H1.54601C0.69217 20.2793 0 19.5941 0 18.7488V1.53052ZM6.18354 5.5483C6.18354 5.23132 6.4431 4.97436 6.76329 4.97436H12.3676C12.6878 4.97436 12.9473 5.23132 12.9473 5.5483C12.9473 5.86528 12.6878 6.12224 12.3676 6.12224H6.76329C6.4431 6.12224 6.18354 5.86528 6.18354 5.5483ZM6.76329 11.0961C6.4431 11.0961 6.18354 11.3531 6.18354 11.6701C6.18354 11.987 6.4431 12.244 6.76329 12.244H12.3676C12.6878 12.244 12.9473 11.987 12.9473 11.6701C12.9473 11.3531 12.6878 11.0961 12.3676 11.0961H6.76329ZM6.18354 8.60985C6.18354 8.29287 6.4431 8.03591 6.76329 8.03591H12.3676C12.6878 8.03591 12.9473 8.29287 12.9473 8.60985C12.9473 8.92684 12.6878 9.1838 12.3676 9.1838H6.76329C6.4431 9.1838 6.18354 8.92684 6.18354 8.60985ZM3.67118 5.5483C3.67118 5.23132 3.93075 4.97436 4.25093 4.97436H4.63743C4.95762 4.97436 5.21719 5.23132 5.21719 5.5483C5.21719 5.86528 4.95762 6.12224 4.63743 6.12224H4.25093C3.93075 6.12224 3.67118 5.86528 3.67118 5.5483ZM4.25093 11.0961C3.93075 11.0961 3.67118 11.3531 3.67118 11.6701C3.67118 11.987 3.93075 12.244 4.25093 12.244H4.63743C4.95762 12.244 5.21719 11.987 5.21719 11.6701C5.21719 11.3531 4.95762 11.0961 4.63743 11.0961H4.25093ZM3.67118 8.60985C3.67118 8.29287 3.93075 8.03591 4.25093 8.03591H4.63743C4.95762 8.03591 5.21719 8.29287 5.21719 8.60985C5.21719 8.92684 4.95762 9.1838 4.63743 9.1838H4.25093C3.93075 9.1838 3.67118 8.92684 3.67118 8.60985ZM4.25093 14.157C3.93075 14.157 3.67118 14.414 3.67118 14.731C3.67118 15.0479 3.93075 15.3049 4.25093 15.3049H4.63743C4.95762 15.3049 5.21719 15.0479 5.21719 14.731C5.21719 14.414 4.95762 14.157 4.63743 14.157H4.25093Z" fill="#EB0203"></path>
                        <path fill-rule="evenodd" clip-rule="evenodd" d="M14.6252 13.6363C13.4918 12.6215 11.7817 12.5264 10.6569 13.4792C9.12421 14.7764 9.34841 16.8912 10.4409 18.0122L14.0159 21.6742C14.2197 21.8832 14.4928 22 14.7822 22C15.0737 22 15.3448 21.8852 15.5486 21.6762L19.1236 18.0142C20.214 16.8933 20.4423 14.7785 18.9075 13.4792C17.7827 12.5283 16.0724 12.6217 14.9391 13.6365C14.8855 13.6845 14.8331 13.7345 14.7822 13.7866C14.7313 13.7345 14.6789 13.6843 14.6252 13.6363ZM18.1546 14.3522C19.0973 15.1508 18.9962 16.4896 18.2891 17.2173C18.2888 17.2175 18.2886 17.2177 18.2884 17.218L14.7832 20.8084L11.2753 17.2151C11.2752 17.215 11.2751 17.2149 11.2749 17.2148C10.5677 16.4887 10.4678 15.1495 11.4104 14.3518L11.4108 14.3514C12.0745 13.7892 13.2018 13.82 13.9488 14.5846L14.7822 15.4378L15.6157 14.5846C16.3617 13.8211 17.4896 13.79 18.1545 14.3521" fill="#EB0203"></path>
                        </svg>
                        <svg class="inactive-content" width="100%" height="100%" viewBox="0 0 20 23" fill="none" xmlns="http://www.w3.org/2000/svg">
                        <path fill-rule="evenodd" clip-rule="evenodd" d="M6.18408 5.77914C6.18408 5.46223 6.44363 5.20532 6.7638 5.20532H12.3678C12.6879 5.20532 12.9475 5.46223 12.9475 5.77914C12.9475 6.09606 12.6879 6.35297 12.3678 6.35297H6.7638C6.44363 6.35297 6.18408 6.09606 6.18408 5.77914Z" fill="#EB0203"></path>
                        <path fill-rule="evenodd" clip-rule="evenodd" d="M6.18408 11.9034C6.18408 11.5865 6.44363 11.3296 6.7638 11.3296H12.3678C12.6879 11.3296 12.9475 11.5865 12.9475 11.9034C12.9475 12.2202 12.6879 12.4771 12.3678 12.4771H6.7638C6.44363 12.4771 6.18408 12.2202 6.18408 11.9034Z" fill="#EB0203"></path>
                        <path fill-rule="evenodd" clip-rule="evenodd" d="M6.18408 8.84116C6.18408 8.52424 6.44363 8.26733 6.7638 8.26733H12.3678C12.6879 8.26733 12.9475 8.52424 12.9475 8.84116C12.9475 9.15807 12.6879 9.41498 12.3678 9.41498H6.7638C6.44363 9.41498 6.18408 9.15807 6.18408 8.84116Z" fill="#EB0203"></path>
                        <path fill-rule="evenodd" clip-rule="evenodd" d="M6.18408 14.9655C6.18408 14.6486 6.44363 14.3917 6.7638 14.3917H10.1455C10.4657 14.3917 10.7252 14.6486 10.7252 14.9655C10.7252 15.2825 10.4657 15.5394 10.1455 15.5394H6.7638C6.44363 15.5394 6.18408 15.2825 6.18408 14.9655Z" fill="#EB0203"></path>
                        <path fill-rule="evenodd" clip-rule="evenodd" d="M3.67139 5.77914C3.67139 5.46223 3.93094 5.20532 4.25111 5.20532H4.63759C4.95776 5.20532 5.21731 5.46223 5.21731 5.77914C5.21731 6.09606 4.95776 6.35297 4.63759 6.35297H4.25111C3.93094 6.35297 3.67139 6.09606 3.67139 5.77914Z" fill="#EB0203"></path>
                        <path fill-rule="evenodd" clip-rule="evenodd" d="M3.67139 11.9034C3.67139 11.5865 3.93094 11.3296 4.25111 11.3296H4.63759C4.95776 11.3296 5.21731 11.5865 5.21731 11.9034C5.21731 12.2202 4.95776 12.4771 4.63759 12.4771H4.25111C3.93094 12.4771 3.67139 12.2202 3.67139 11.9034Z" fill="#EB0203"></path>
                        <path fill-rule="evenodd" clip-rule="evenodd" d="M3.67139 8.84116C3.67139 8.52424 3.93094 8.26733 4.25111 8.26733H4.63759C4.95776 8.26733 5.21731 8.52424 5.21731 8.84116C5.21731 9.15807 4.95776 9.41498 4.63759 9.41498H4.25111C3.93094 9.41498 3.67139 9.15807 3.67139 8.84116Z" fill="#EB0203"></path>
                        <path fill-rule="evenodd" clip-rule="evenodd" d="M3.67139 14.9655C3.67139 14.6486 3.93094 14.3917 4.25111 14.3917H4.63759C4.95776 14.3917 5.21731 14.6486 5.21731 14.9655C5.21731 15.2825 4.95776 15.5394 4.63759 15.5394H4.25111C3.93094 15.5394 3.67139 15.2825 3.67139 14.9655Z" fill="#EB0203"></path>
                        <path fill-rule="evenodd" clip-rule="evenodd" d="M0 1.76033C0 0.914738 0.692131 0.229248 1.54592 0.229248H15.0727C15.9265 0.229248 16.6186 0.914738 16.6186 1.76033V11.2818C16.6186 11.5989 16.3591 11.8559 16.0389 11.8559C15.7187 11.8559 15.4592 11.5989 15.4592 11.2818V1.76033C15.4592 1.54893 15.2862 1.37756 15.0727 1.37756H1.54592C1.33247 1.37756 1.15944 1.54893 1.15944 1.76033V18.985C1.15944 19.1964 1.33247 19.3678 1.54592 19.3678H9.27551C9.59568 19.3678 9.85523 19.6249 9.85523 19.942C9.85523 20.2591 9.59568 20.5161 9.27551 20.5161H1.54592C0.692131 20.5161 0 19.8306 0 18.985V1.76033Z" fill="#EB0203"></path>
                        <path fill-rule="evenodd" clip-rule="evenodd" d="M14.6254 13.8718C13.4921 12.8567 11.7821 12.7615 10.6574 13.7147C9.12472 15.0124 9.34891 17.128 10.4413 18.2493L14.0161 21.9126C14.2199 22.1217 14.493 22.2386 14.7824 22.2386C15.0739 22.2386 15.3449 22.1238 15.5487 21.9147L19.1235 18.2514C20.2139 17.13 20.4422 15.0144 18.9075 13.7147C17.7827 12.7634 16.0726 12.8569 14.9392 13.872C14.8856 13.92 14.8333 13.9701 14.7824 14.0222C14.7314 13.97 14.6791 13.9199 14.6254 13.8718ZM18.1546 14.588C19.0972 15.3869 18.9961 16.7262 18.2891 17.4541C18.2888 17.4543 18.2886 17.4546 18.2884 17.4548L14.7834 21.0466L11.2757 17.452C11.2756 17.4519 11.2755 17.4517 11.2753 17.4516C10.5681 16.7252 10.4682 15.3856 11.4108 14.5876L11.4112 14.5872C12.0748 14.0248 13.202 14.0556 13.949 14.8205L14.7824 15.674L15.6158 14.8205C16.3618 14.0567 17.4896 14.0256 18.1545 14.5879" fill="#EB0203"></path>
                        </svg>
                        </button>
                        </div>
                        </div>
                        <p class="ct-tile--brand">Chips Ahoy</p>
                        <p class="ct-tile--quantity">emb. 160 gr (4 un)</p>
                        </div>
                        
                        <div class="ct-tile-bottom row no-gutters justify-content-between">
                        <div class="ct-price-wrap col-8 col-sm-12">
                        <div class="price js-product-price">
                        <div class="prices-wrapper">
                        <span class="sales ct-tile--price-primary ">
                        <span class="value" content="1.99">
                        <span class="ct-price-formatted">
                        €1,99
                        </span>
                        <span class="ct-m-unit">
                        /un
                        </span>
                        </span>
                        </span>
                        </div>
                        <div class="ct-tile--price-secondary">
                        <span class="ct-price-value">
                        €12,44
                        </span>
                        <span class="ct-m-unit">
                        /kg
                        </span>
                        </div>
                        </div>
                        </div>
                        <div class="ct-tile-buy-section d-flex justify-content-center no-gutters col-auto col-sm-12">
                        <div class="col-2 d-sm-flex d-none">
                        <button class="wishlist-toggler guest-mode inactive button button--tertiary" data-pid="2463432" data-add-url="https://www.continente.pt/on/demandware.store/Sites-continente-Site/default/Wishlist-AddProduct?pid=2463432" data-toggle="tooltip" aria-label="Adicionar aos favoritos " data-original-title="Adicionar aos favoritos" data-placement="top" tabindex="0">
                        <svg class="active-content" width="100%" height="100%" viewBox="0 0 20 22" fill="none" xmlns="http://www.w3.org/2000/svg">
                        <path fill-rule="evenodd" clip-rule="evenodd" d="M0 1.53052C0 0.685236 0.692171 0 1.54601 0H15.0736C15.9274 0 16.6196 0.685235 16.6196 1.53052V13.4064L15.8127 13.922L14.2658 14.2658L12.7189 13.4064L10.6054 14.3818C10.4994 14.2451 10.3327 14.157 10.1452 14.157H6.76329C6.4431 14.157 6.18354 14.414 6.18354 14.731C6.18354 15.0479 6.4431 15.3049 6.76329 15.3049H10.1452C10.2478 15.3049 10.3441 15.2785 10.4277 15.2322L10.3126 16.8439L13.2345 20.2793H1.54601C0.69217 20.2793 0 19.5941 0 18.7488V1.53052ZM6.18354 5.5483C6.18354 5.23132 6.4431 4.97436 6.76329 4.97436H12.3676C12.6878 4.97436 12.9473 5.23132 12.9473 5.5483C12.9473 5.86528 12.6878 6.12224 12.3676 6.12224H6.76329C6.4431 6.12224 6.18354 5.86528 6.18354 5.5483ZM6.76329 11.0961C6.4431 11.0961 6.18354 11.3531 6.18354 11.6701C6.18354 11.987 6.4431 12.244 6.76329 12.244H12.3676C12.6878 12.244 12.9473 11.987 12.9473 11.6701C12.9473 11.3531 12.6878 11.0961 12.3676 11.0961H6.76329ZM6.18354 8.60985C6.18354 8.29287 6.4431 8.03591 6.76329 8.03591H12.3676C12.6878 8.03591 12.9473 8.29287 12.9473 8.60985C12.9473 8.92684 12.6878 9.1838 12.3676 9.1838H6.76329C6.4431 9.1838 6.18354 8.92684 6.18354 8.60985ZM3.67118 5.5483C3.67118 5.23132 3.93075 4.97436 4.25093 4.97436H4.63743C4.95762 4.97436 5.21719 5.23132 5.21719 5.5483C5.21719 5.86528 4.95762 6.12224 4.63743 6.12224H4.25093C3.93075 6.12224 3.67118 5.86528 3.67118 5.5483ZM4.25093 11.0961C3.93075 11.0961 3.67118 11.3531 3.67118 11.6701C3.67118 11.987 3.93075 12.244 4.25093 12.244H4.63743C4.95762 12.244 5.21719 11.987 5.21719 11.6701C5.21719 11.3531 4.95762 11.0961 4.63743 11.0961H4.25093ZM3.67118 8.60985C3.67118 8.29287 3.93075 8.03591 4.25093 8.03591H4.63743C4.95762 8.03591 5.21719 8.29287 5.21719 8.60985C5.21719 8.92684 4.95762 9.1838 4.63743 9.1838H4.25093C3.93075 9.1838 3.67118 8.92684 3.67118 8.60985ZM4.25093 14.157C3.93075 14.157 3.67118 14.414 3.67118 14.731C3.67118 15.0479 3.93075 15.3049 4.25093 15.3049H4.63743C4.95762 15.3049 5.21719 15.0479 5.21719 14.731C5.21719 14.414 4.95762 14.157 4.63743 14.157H4.25093Z" fill="#EB0203"></path>
                        <path fill-rule="evenodd" clip-rule="evenodd" d="M14.6252 13.6363C13.4918 12.6215 11.7817 12.5264 10.6569 13.4792C9.12421 14.7764 9.34841 16.8912 10.4409 18.0122L14.0159 21.6742C14.2197 21.8832 14.4928 22 14.7822 22C15.0737 22 15.3448 21.8852 15.5486 21.6762L19.1236 18.0142C20.214 16.8933 20.4423 14.7785 18.9075 13.4792C17.7827 12.5283 16.0724 12.6217 14.9391 13.6365C14.8855 13.6845 14.8331 13.7345 14.7822 13.7866C14.7313 13.7345 14.6789 13.6843 14.6252 13.6363ZM18.1546 14.3522C19.0973 15.1508 18.9962 16.4896 18.2891 17.2173C18.2888 17.2175 18.2886 17.2177 18.2884 17.218L14.7832 20.8084L11.2753 17.2151C11.2752 17.215 11.2751 17.2149 11.2749 17.2148C10.5677 16.4887 10.4678 15.1495 11.4104 14.3518L11.4108 14.3514C12.0745 13.7892 13.2018 13.82 13.9488 14.5846L14.7822 15.4378L15.6157 14.5846C16.3617 13.8211 17.4896 13.79 18.1545 14.3521" fill="#EB0203"></path>
                        </svg>
                        <svg class="inactive-content" width="100%" height="100%" viewBox="0 0 20 23" fill="none" xmlns="http://www.w3.org/2000/svg">
                        <path fill-rule="evenodd" clip-rule="evenodd" d="M6.18408 5.77914C6.18408 5.46223 6.44363 5.20532 6.7638 5.20532H12.3678C12.6879 5.20532 12.9475 5.46223 12.9475 5.77914C12.9475 6.09606 12.6879 6.35297 12.3678 6.35297H6.7638C6.44363 6.35297 6.18408 6.09606 6.18408 5.77914Z" fill="#EB0203"></path>
                        <path fill-rule="evenodd" clip-rule="evenodd" d="M6.18408 11.9034C6.18408 11.5865 6.44363 11.3296 6.7638 11.3296H12.3678C12.6879 11.3296 12.9475 11.5865 12.9475 11.9034C12.9475 12.2202 12.6879 12.4771 12.3678 12.4771H6.7638C6.44363 12.4771 6.18408 12.2202 6.18408 11.9034Z" fill="#EB0203"></path>
                        <path fill-rule="evenodd" clip-rule="evenodd" d="M6.18408 8.84116C6.18408 8.52424 6.44363 8.26733 6.7638 8.26733H12.3678C12.6879 8.26733 12.9475 8.52424 12.9475 8.84116C12.9475 9.15807 12.6879 9.41498 12.3678 9.41498H6.7638C6.44363 9.41498 6.18408 9.15807 6.18408 8.84116Z" fill="#EB0203"></path>
                        <path fill-rule="evenodd" clip-rule="evenodd" d="M6.18408 14.9655C6.18408 14.6486 6.44363 14.3917 6.7638 14.3917H10.1455C10.4657 14.3917 10.7252 14.6486 10.7252 14.9655C10.7252 15.2825 10.4657 15.5394 10.1455 15.5394H6.7638C6.44363 15.5394 6.18408 15.2825 6.18408 14.9655Z" fill="#EB0203"></path>
                        <path fill-rule="evenodd" clip-rule="evenodd" d="M3.67139 5.77914C3.67139 5.46223 3.93094 5.20532 4.25111 5.20532H4.63759C4.95776 5.20532 5.21731 5.46223 5.21731 5.77914C5.21731 6.09606 4.95776 6.35297 4.63759 6.35297H4.25111C3.93094 6.35297 3.67139 6.09606 3.67139 5.77914Z" fill="#EB0203"></path>
                        <path fill-rule="evenodd" clip-rule="evenodd" d="M3.67139 11.9034C3.67139 11.5865 3.93094 11.3296 4.25111 11.3296H4.63759C4.95776 11.3296 5.21731 11.5865 5.21731 11.9034C5.21731 12.2202 4.95776 12.4771 4.63759 12.4771H4.25111C3.93094 12.4771 3.67139 12.2202 3.67139 11.9034Z" fill="#EB0203"></path>
                        <path fill-rule="evenodd" clip-rule="evenodd" d="M3.67139 8.84116C3.67139 8.52424 3.93094 8.26733 4.25111 8.26733H4.63759C4.95776 8.26733 5.21731 8.52424 5.21731 8.84116C5.21731 9.15807 4.95776 9.41498 4.63759 9.41498H4.25111C3.93094 9.41498 3.67139 9.15807 3.67139 8.84116Z" fill="#EB0203"></path>
                        <path fill-rule="evenodd" clip-rule="evenodd" d="M3.67139 14.9655C3.67139 14.6486 3.93094 14.3917 4.25111 14.3917H4.63759C4.95776 14.3917 5.21731 14.6486 5.21731 14.9655C5.21731 15.2825 4.95776 15.5394 4.63759 15.5394H4.25111C3.93094 15.5394 3.67139 15.2825 3.67139 14.9655Z" fill="#EB0203"></path>
                        <path fill-rule="evenodd" clip-rule="evenodd" d="M0 1.76033C0 0.914738 0.692131 0.229248 1.54592 0.229248H15.0727C15.9265 0.229248 16.6186 0.914738 16.6186 1.76033V11.2818C16.6186 11.5989 16.3591 11.8559 16.0389 11.8559C15.7187 11.8559 15.4592 11.5989 15.4592 11.2818V1.76033C15.4592 1.54893 15.2862 1.37756 15.0727 1.37756H1.54592C1.33247 1.37756 1.15944 1.54893 1.15944 1.76033V18.985C1.15944 19.1964 1.33247 19.3678 1.54592 19.3678H9.27551C9.59568 19.3678 9.85523 19.6249 9.85523 19.942C9.85523 20.2591 9.59568 20.5161 9.27551 20.5161H1.54592C0.692131 20.5161 0 19.8306 0 18.985V1.76033Z" fill="#EB0203"></path>
                        <path fill-rule="evenodd" clip-rule="evenodd" d="M14.6254 13.8718C13.4921 12.8567 11.7821 12.7615 10.6574 13.7147C9.12472 15.0124 9.34891 17.128 10.4413 18.2493L14.0161 21.9126C14.2199 22.1217 14.493 22.2386 14.7824 22.2386C15.0739 22.2386 15.3449 22.1238 15.5487 21.9147L19.1235 18.2514C20.2139 17.13 20.4422 15.0144 18.9075 13.7147C17.7827 12.7634 16.0726 12.8569 14.9392 13.872C14.8856 13.92 14.8333 13.9701 14.7824 14.0222C14.7314 13.97 14.6791 13.9199 14.6254 13.8718ZM18.1546 14.588C19.0972 15.3869 18.9961 16.7262 18.2891 17.4541C18.2888 17.4543 18.2886 17.4546 18.2884 17.4548L14.7834 21.0466L11.2757 17.452C11.2756 17.4519 11.2755 17.4517 11.2753 17.4516C10.5681 16.7252 10.4682 15.3856 11.4108 14.5876L11.4112 14.5872C12.0748 14.0248 13.202 14.0556 13.949 14.8205L14.7824 15.674L15.6158 14.8205C16.3618 14.0567 17.4896 14.0256 18.1545 14.5879" fill="#EB0203"></path>
                        </svg>
                        </button>
                        </div>
                        <div class="col-sm-10 col-12">
                        <div class="ct-tile-quantity d-none" data-pid="2463432">
                        <input type="hidden" class="add-to-cart-url" value="https://www.continente.pt/on/demandware.store/Sites-continente-Site/default/Cart-AddProduct" tabindex="0">
                        <div class="d-none tile-delete-confirmation-btn" data-pid="2463432" data-delay-time="3000" data-in-cart-msg="no carrinho" data-one-product-added="Adicionado ao carrinho" data-remove-from-cart-msg="Removido do carrinho" data-stay-open="6000.0" data-confirmation-image="{&quot;url&quot;:&quot;https://www.continente.pt/dw/image/v2/BDVS_PRD/on/demandware.static/-/Sites-col-master-catalog/default/dwd69cc896/images/col/246/2463432-frente.jpg?sw=87&amp;sh=80&quot;,&quot;fallbackimage&quot;:{&quot;url&quot;:&quot;https://www.continente.pt/dw/image/v2/BDVS_PRD/on/demandware.static/Sites-continente-Site/-/default/dw7c42b4da/images/noimagelarge_product.png?sw=87&amp;sh=80&quot;,&quot;title&quot;:&quot;Bolachas Mini Pepitas de Chocolate&quot;,&quot;alt&quot;:&quot;Bolachas Mini Pepitas de Chocolate&quot;},&quot;title&quot;:&quot;Bolachas Mini Pepitas de Chocolate&quot;,&quot;alt&quot;:&quot;Bolachas Mini Pepitas de Chocolate&quot;}"></div>
                        <div class="ct-tile-quantity-update quantity-update product-qty-vue" data-remove-action="https://www.continente.pt/on/demandware.store/Sites-continente-Site/default/Cart-RemoveProductLineItem" data-action="https://www.continente.pt/on/demandware.store/Sites-continente-Site/default/Cart-UpdateQuantity" data-dimension-update="https://www.continente.pt/on/demandware.store/Sites-continente-Site/default/Cart-DimensionUpdate" data-pid="2463432" data-uuid="4b452854f4a512d162203b8707" data-add-delay="500.0" data-measure-options="{&quot;hasConversionRate&quot;:false,&quot;hasAlternativeSaleUnit&quot;:false,&quot;unitConversionRate&quot;:null,&quot;minOrderQuantity&quot;:1,&quot;stepQuantity&quot;:1,&quot;primaryunit&quot;:&quot;un&quot;,&quot;secondaryunit&quot;:&quot;kg&quot;,&quot;selectedunit&quot;:&quot;primary&quot;,&quot;maxNumberOfUnitsPerSale&quot;:50}" data-price-available="null" :data-has-error="isMaxQtyReached || isMinQtyReached || qtySelectedMoreThanOne">
                        <template v-show="prodUnits">
                        <div class="quantity-input-wrapper has-units">
                        <label class="visually-hidden" :for="'quantity-' + pid + additionalTag">
                        Quantidade no carrinho
                        </label>
                        <input :ref="'quantityInput-' + pid + additionalTag" class="add-to-cart-quantity form-control ct-form-input text-center" inputmode="numeric" :class="{'is-invalid': isInvalid}" :data-pid="pid + additionalTag" :name="'quantity-' + pid + additionalTag" type="text" aria-label="Insira a quantidade" title="" v-model="displayValue" @change="updateQuantity" @focus="updateQtyFormat" @blur="restoreQtyFormat" :disabled="!isPriceAvailable">
                        <span class="quantity-icon quantity-icon--minus">
                        <button class="decrease-quantity-btn" @click="updateQuantity" :disabled="!isPriceAvailable" role="button" aria-label="Reduzir quantidade">
                        <i class="css-math-minus"></i>
                        </button>
                        </span>
                        <span class="quantity-icon quantity-icon--plus">
                        <button class="increase-quantity-btn" @click="updateQuantity" :disabled="isMaxQtyReached || !isPriceAvailable" role="button" aria-label="Aumentar quantidade">
                        <i class="css-math-plus"></i>
                        </button>
                        <span class="quantity-btn-disabled-placeholder"></span>
                        </span>
                        <template v-if="isPDP">
                        <span class="quantity-error ct-span-error text-sm-center product-max-allocation" v-if="isMaxQtyReached">
                        Quantidade máxima atingida
                        </span>
                        <span class="quantity-error ct-span-product text-sm-center product-allocation" v-if="!isMinQtyReached &amp;&amp; !isMaxQtyReached">
                        {{quantitySelected}} no carrinho
                        </span>
                        <span class="quantity-error ct-span-error text-sm-center product-min-allocation" :data-pid="pid" v-if="isMinQtyReached &amp;&amp; !isMaxQtyReached">
                        Quantidade mínima atingida
                        </span>
                        </template>
                        </div>
                        <template v-if="showNotes">
                        <div class="add-note-link-container ">
                        <div class="add-note">
                        <a href="/produto/bolachas-mini-pepitas-de-chocolate-chips-ahoy-2463432.html?showNote=true" class="ct-add-note-redirect-pdp" aria-label="Adicionar comentário">
                        <span class="svg-wrapper svg-icon-notes" style="width:19px; height:20px">
                        <svg class="svg-inline icon-notes" viewBox="0 0 28 30" xmlns="http://www.w3.org/2000/svg" width="100%" height="100%"><path d="M21.738 0C22.985 0 24 1.04 24 2.319V12.47c0 .469-.37.848-.828.848-.457 0-.827-.38-.827-.848V2.32c0-.343-.273-.622-.607-.622H2.262c-.334 0-.607.279-.607.622V27.68c0 .343.273.622.607.622h7.81c.457 0 .827.38.827.849 0 .468-.37.848-.827.848h-7.81C1.015 30 0 28.96 0 27.681V2.32C0 1.04 1.015 0 2.262 0h19.476zm2.844 16.004l.227.007c.823.053 1.589.39 2.176.964.64.627.993 1.46.993 2.349 0 .888-.353 1.722-.993 2.348l-6.83 6.665c-.11.108-.247.186-.397.226l-5.032 1.363c-.078.021-.16.032-.241.032-.242 0-.478-.097-.647-.266-.23-.231-.314-.566-.218-.874l1.49-4.798c.044-.139.122-.266.227-.369l6.844-6.677c.64-.625 1.493-.97 2.401-.97zm-2.886 3.94l-4.922 4.802-.947 3.048 3.22-.872 4.897-4.78-2.248-2.197zm2.887-2.174c-.425 0-.824.162-1.124.455l-.484.472 2.248 2.197.484-.472c.62-.606.62-1.591 0-2.197l-.117-.104c-.283-.227-.636-.35-1.007-.35zm-10.839.022c.498 0 .904.396.904.883 0 .488-.406.884-.904.884H5.946c-.499 0-.904-.396-.904-.884 0-.487.405-.883.904-.883zm5.042-4.876c.498 0 .904.397.904.884s-.406.884-.904.884H5.946c-.499 0-.904-.397-.904-.884s.405-.884.904-.884zm0-4.875c.498 0 .904.396.904.884 0 .487-.406.883-.904.883H5.946c-.499 0-.904-.396-.904-.883 0-.488.405-.884.904-.884z" fill="#EB0203" fill-rule="evenodd"></path></svg>
                        </span>
                        <div class="available-note d-none"></div>
                        </a>
                        </div>
                        </div>
                        </template>
                        <div class="measurement-unit-section" v-if="isPriceAvailable &amp;&amp; prodUnits ? prodUnits.hasAlternativeUnit : false">
                        <div class="ct-form-radio" @click="setDimension">
                        <input type="radio" title="" class="ct-form-check-input product-measurement-unit" :data-type="prodUnits.selectedUnit == prodUnits.secondaryUnit ? 'primary' : ''" :id="prodUnits.secondaryUnit + '-' + pid + '-measurement-unit-ptile' + additionalTag" :name="'measurement-unit-' + pid + '-ptile' + additionalTag" :value="prodUnits.secondaryUnit" v-model="prodUnits.selectedUnit">
                        <label :class="prodUnits.secondaryUnit + '-label ct-form-check-label mb-0'" :for="prodUnits.secondaryUnit + '-' + pid + '-measurement-unit-ptile' + additionalTag">
                        {{prodUnits.secondaryUnit}}
                        </label>
                        <span class="checkmark"></span>
                        </div>
                        <div class="ct-form-radio" @click="setDimension">
                        <input type="radio" title="" class="ct-form-check-input product-measurement-unit" :data-type="prodUnits.selectedUnit == prodUnits.primaryUnit ? 'primary' : ''" :id="prodUnits.primaryUnit + '-' + pid + '-measurement-unit-ptile' + additionalTag" :name="'measurement-unit-' + pid + '-ptile' + additionalTag" :value="prodUnits.primaryUnit" v-model="prodUnits.selectedUnit">
                        <label :class="prodUnits.primaryUnit + '-label ct-form-check-label mb-0'" :for="prodUnits.primaryUnit + '-' + pid + '-measurement-unit-ptile' + additionalTag">
                        {{prodUnits.primaryUnit}}
                        </label>
                        <span class="checkmark"></span>
                        </div>
                        </div>
                        <template v-if="!isPDP &amp;&amp; isPriceAvailable">
                        <span class="quantity-error ct-span-error product-max-allocation" v-if="isMaxQtyReached">
                        Quantidade máxima atingida
                        </span>
                        <span class="quantity-error ct-span-product product-allocation" v-if="!isMinQtyReached &amp;&amp; !isMaxQtyReached">
                        {{quantitySelected}} no carrinho
                        </span>
                        <span class="quantity-error ct-span-error product-min-allocation" :data-pid="pid" v-if="isMinQtyReached &amp;&amp; !isMaxQtyReached">
                        Quantidade mínima atingida
                        </span>
                        </template>
                        </template>
                        </div>
                        <input class="quantity-value-mask d-none" name="quantity" type="number" min="0" value="" tabindex="0">
                        </div>
                        <button type="button" class="add-to-cart button js-add-to-cart js-add-to-cart-tile 2463432 button--primary dynamic-layout-btn" data-toggle="modal" data-target="#chooseBonusProductModal" data-pid="2463432" data-quantity-value="null" aria-label="Carrinho" tabindex="0">
                        <span class="d-block d-sm-none">
                        <span class="svg-wrapper svg-icon-cart" style="width:20px; height:20px">
                        <svg class="svg-inline icon-cart" xmlns="http://www.w3.org/2000/svg" viewBox="0 0 500 500" width="100%" height="100%"><path fill="#EB0203" fill-rule="evenodd" d="M 485.67317,94.386311 C 476.37798,83.847129 463.09468,78.03348 448.30404,78.03348 H 90.690813 L 87.079511,51.327997 C 83.185582,22.539551 62.962285,0 41.011841,0 H 14.727836 C 6.563151,0 0,6.5286975 0,14.580758 c 0,8.05206 6.5945535,14.580758 14.727836,14.580758 h 26.284005 c 4.710398,0 14.696435,9.855222 16.894619,26.021523 L 100.01739,368.0631 c 1.88416,13.77244 9.01256,26.70549 20.1605,36.37417 8.25889,7.15046 18.02511,11.9071 28.26237,13.89679 -4.17655,7.58572 -6.53175,16.25957 -6.53175,25.493 0,29.53459 24.27424,53.59751 54.13815,53.59751 29.8325,0 54.13814,-24.03184 54.13814,-53.59751 0,-8.79818 -2.19818,-17.09897 -5.9979,-24.43598 h 77.12488 c -3.79973,7.33701 -5.96652,15.6378 -5.96652,24.43598 0,29.53459 24.27424,53.59751 54.13817,53.59751 29.83249,0 54.13814,-24.03184 54.13814,-53.59751 0,-8.79818 -2.1982,-17.09897 -5.9979,-24.43598 h 38.56243 c 8.13328,0 14.72783,-6.5287 14.72783,-14.61183 0,-8.02098 -6.59455,-14.54967 -14.72783,-14.54967 H 159.24277 c -14.38241,0 -28.13677,-11.90711 -30.02092,-26.02153 l -3.07746,-22.88154 h 290.6314 c 14.03698,0 27.94834,-5.28513 39.06488,-14.95381 11.11652,-9.6376 18.27632,-22.57065 20.16048,-36.37417 l 21.10259,-156.78201 c 1.94694,-14.51858 -2.10398,-28.29103 -11.43057,-38.861299 z M 220.76053,443.82706 c 0,13.49265 -11.08513,24.46709 -24.68247,24.46709 -13.62874,0 -24.71387,-10.97444 -24.71387,-24.46709 0,-13.49262 11.08513,-24.43598 24.71387,-24.43598 13.59734,0 24.68247,10.94336 24.68247,24.43598 z m 173.43675,0 c 0,13.49265 -11.08512,24.46709 -24.68245,24.46709 -13.62876,0 -24.71388,-10.97444 -24.71388,-24.46709 0,-13.49262 11.08512,-24.43598 24.71388,-24.43598 13.59733,0 24.68245,10.94336 24.68245,24.43598 z m 73.7648,-314.46558 -21.13397,156.782 c -1.88416,14.11442 -15.63851,26.05261 -30.02091,26.05261 H 122.25046 L 94.616142,107.19499 H 448.33544 c 6.18632,0 11.61896,2.2695 15.23028,6.37326 3.64269,4.13484 5.21283,9.73086 4.39636,15.79323 z"></path></svg>
                        </span>
                        </span>
                        <span class="add-to-cart--text d-none d-sm-block">Carrinho</span>
                        </button>
                        </div>
                        </div>
                        </div>
                        </div>
                        
                        <div class="col-12 d-sm-none">
                        </div>
                        </div>
                        </div>
                        </div>
                        </div><div class="pd-tile-wrap slick-slide slick-active" data-idx="4" style="height: auto; width: 221px;" data-slick-index="3" aria-hidden="false" tabindex="0" role="tabpanel" id="slick-slide13">
                        
                        <script type="text/javascript">//<!--
                        /* <![CDATA[ */
                        (function(){
                        try {
                            if(window.CQuotient) {
                                var cq_params = {};
                                cq_params.cookieId = window.CQuotient.getCQCookieId();
                                cq_params.userId = window.CQuotient.getCQUserId();
                                cq_params.emailId = CQuotient.getCQHashedEmail();
                                cq_params.loginId = CQuotient.getCQHashedLogin();
                                cq_params.accumulate = true;
                                cq_params.products = [{
                                    id: '4896095',
                                    sku: '',
                                    type: '',
                                    alt_id: ''
                                }];
                                cq_params.recommenderName = 'FOOD-MERCEARIA';
                                cq_params.realm = "BDVS";
                                cq_params.siteId = "continente";
                                cq_params.instanceType = "prd";
                                cq_params.locale = window.CQuotient.locale;
                                cq_params.slotId = 'col-category-product-recommendations';
                                cq_params.slotConfigId = 'FOOD Recommender Mercearia - Einstein';
                                cq_params.slotConfigTemplate = 'slots\/recommendation\/recommendedProductsCLP.isml';
                                if(window.CQuotient.sendActivity)
                                    window.CQuotient.sendActivity( CQuotient.clientId, 'viewReco', cq_params );
                                else
                                    window.CQuotient.activities.push( {activityType: 'viewReco', parameters: cq_params} );
                            }
                        } catch(err) {}
                        })();
                        /* ]]> */
                        // -->
                        </script>
                        <script type="text/javascript">//<!--
                        /* <![CDATA[ (viewProduct-active_data.js) */
                        dw.ac._capture({id: "4896095", type: "recommendation"});
                        /* ]]> */
                        // -->
                        </script>
                        <div class="product" data-pid="4896095">
                        <div class="product-tile pid-4896095   ct-product-tile " data-delay-time="3000" data-variants-mapping="[]" data-in-cart-msg="no carrinho" data-one-product-added="Adicionado ao carrinho" data-remove-from-cart-msg="Removido do carrinho" data-stay-open="6000.0" data-product-tile-impression="{&quot;name&quot;:&quot;4896095&quot;,&quot;id&quot;:&quot;4896095&quot;,&quot;price&quot;:2.19,&quot;brand&quot;:&quot;Lays&quot;,&quot;category&quot;:[{&quot;category_level_1&quot;:&quot;Mercearia&quot;},{&quot;category_level_2&quot;:&quot;Snacks e Batatas Fritas&quot;},{&quot;category_level_3&quot;:&quot;Batatas Fritas&quot;}],&quot;variant&quot;:&quot;&quot;}">
                        <div class="ct-inner-tile-wrap row no-gutters justify-content-center align-content-start">
                        
                        <div class="ct-image-container col-4 col-sm" data-confirmation-image="{&quot;url&quot;:&quot;https://www.continente.pt/dw/image/v2/BDVS_PRD/on/demandware.static/-/Sites-col-master-catalog/default/dw2268803e/images/col/489/4896095-frente.jpg?sw=87&amp;sh=80&quot;,&quot;fallbackimage&quot;:{&quot;url&quot;:&quot;https://www.continente.pt/dw/image/v2/BDVS_PRD/on/demandware.static/Sites-continente-Site/-/default/dw7c42b4da/images/noimagelarge_product.png?sw=87&amp;sh=80&quot;,&quot;title&quot;:&quot;Batata Frita Forno Ondulada Original&quot;,&quot;alt&quot;:&quot;Batata Frita Forno Ondulada Original&quot;},&quot;title&quot;:&quot;Batata Frita Forno Ondulada Original&quot;,&quot;alt&quot;:&quot;Batata Frita Forno Ondulada Original&quot;}">
                        <a href="https://www.continente.pt/produto/batata-frita-forno-ondulada-original-lays-4896095.html?cgid=home" tabindex="0">
                        <picture class="intrinsic intrinsic--square">
                        <img class="ct-tile-image lazyloaded" loading="lazy" onerror="this.onerror=null;this.src='/on/demandware.static/Sites-continente-Site/-/default/dw7c42b4da/images/noimagelarge_product.png';" data-src="https://www.continente.pt/dw/image/v2/BDVS_PRD/on/demandware.static/-/Sites-col-master-catalog/default/dw2268803e/images/col/489/4896095-frente.jpg?sw=280&amp;sh=280" alt="Batata Frita Forno Ondulada Original" title="Batata Frita Forno Ondulada Original" src="https://www.continente.pt/dw/image/v2/BDVS_PRD/on/demandware.static/-/Sites-col-master-catalog/default/dw2268803e/images/col/489/4896095-frente.jpg?sw=280&amp;sh=280">
                        </picture>
                        </a>
                        <div class="color-swatches d-flex" style="margin-left: 5px;">
                        <div class="swatches d-flex">
                        </div>
                        </div>
                        </div>
                        <div class="ct-tile-body col col-sm-auto ">
                        <div class="ct-pdp-details">
                        <div class="ct-pdp-link">
                        <a class="ct-tile--description" href="https://www.continente.pt/produto/batata-frita-forno-ondulada-original-lays-4896095.html?cgid=home" tabindex="0">Batata Frita Forno Ondulada Original</a>
                        <div class="ct-tile--favorite-top d-sm-none">
                        <button class="wishlist-toggler guest-mode inactive button button--tertiary" data-pid="4896095" data-add-url="https://www.continente.pt/on/demandware.store/Sites-continente-Site/default/Wishlist-AddProduct?pid=4896095" data-toggle="tooltip" aria-label="Adicionar aos favoritos " data-original-title="Adicionar aos favoritos" data-placement="top" tabindex="0">
                        <svg class="active-content" width="100%" height="100%" viewBox="0 0 20 22" fill="none" xmlns="http://www.w3.org/2000/svg">
                        <path fill-rule="evenodd" clip-rule="evenodd" d="M0 1.53052C0 0.685236 0.692171 0 1.54601 0H15.0736C15.9274 0 16.6196 0.685235 16.6196 1.53052V13.4064L15.8127 13.922L14.2658 14.2658L12.7189 13.4064L10.6054 14.3818C10.4994 14.2451 10.3327 14.157 10.1452 14.157H6.76329C6.4431 14.157 6.18354 14.414 6.18354 14.731C6.18354 15.0479 6.4431 15.3049 6.76329 15.3049H10.1452C10.2478 15.3049 10.3441 15.2785 10.4277 15.2322L10.3126 16.8439L13.2345 20.2793H1.54601C0.69217 20.2793 0 19.5941 0 18.7488V1.53052ZM6.18354 5.5483C6.18354 5.23132 6.4431 4.97436 6.76329 4.97436H12.3676C12.6878 4.97436 12.9473 5.23132 12.9473 5.5483C12.9473 5.86528 12.6878 6.12224 12.3676 6.12224H6.76329C6.4431 6.12224 6.18354 5.86528 6.18354 5.5483ZM6.76329 11.0961C6.4431 11.0961 6.18354 11.3531 6.18354 11.6701C6.18354 11.987 6.4431 12.244 6.76329 12.244H12.3676C12.6878 12.244 12.9473 11.987 12.9473 11.6701C12.9473 11.3531 12.6878 11.0961 12.3676 11.0961H6.76329ZM6.18354 8.60985C6.18354 8.29287 6.4431 8.03591 6.76329 8.03591H12.3676C12.6878 8.03591 12.9473 8.29287 12.9473 8.60985C12.9473 8.92684 12.6878 9.1838 12.3676 9.1838H6.76329C6.4431 9.1838 6.18354 8.92684 6.18354 8.60985ZM3.67118 5.5483C3.67118 5.23132 3.93075 4.97436 4.25093 4.97436H4.63743C4.95762 4.97436 5.21719 5.23132 5.21719 5.5483C5.21719 5.86528 4.95762 6.12224 4.63743 6.12224H4.25093C3.93075 6.12224 3.67118 5.86528 3.67118 5.5483ZM4.25093 11.0961C3.93075 11.0961 3.67118 11.3531 3.67118 11.6701C3.67118 11.987 3.93075 12.244 4.25093 12.244H4.63743C4.95762 12.244 5.21719 11.987 5.21719 11.6701C5.21719 11.3531 4.95762 11.0961 4.63743 11.0961H4.25093ZM3.67118 8.60985C3.67118 8.29287 3.93075 8.03591 4.25093 8.03591H4.63743C4.95762 8.03591 5.21719 8.29287 5.21719 8.60985C5.21719 8.92684 4.95762 9.1838 4.63743 9.1838H4.25093C3.93075 9.1838 3.67118 8.92684 3.67118 8.60985ZM4.25093 14.157C3.93075 14.157 3.67118 14.414 3.67118 14.731C3.67118 15.0479 3.93075 15.3049 4.25093 15.3049H4.63743C4.95762 15.3049 5.21719 15.0479 5.21719 14.731C5.21719 14.414 4.95762 14.157 4.63743 14.157H4.25093Z" fill="#EB0203"></path>
                        <path fill-rule="evenodd" clip-rule="evenodd" d="M14.6252 13.6363C13.4918 12.6215 11.7817 12.5264 10.6569 13.4792C9.12421 14.7764 9.34841 16.8912 10.4409 18.0122L14.0159 21.6742C14.2197 21.8832 14.4928 22 14.7822 22C15.0737 22 15.3448 21.8852 15.5486 21.6762L19.1236 18.0142C20.214 16.8933 20.4423 14.7785 18.9075 13.4792C17.7827 12.5283 16.0724 12.6217 14.9391 13.6365C14.8855 13.6845 14.8331 13.7345 14.7822 13.7866C14.7313 13.7345 14.6789 13.6843 14.6252 13.6363ZM18.1546 14.3522C19.0973 15.1508 18.9962 16.4896 18.2891 17.2173C18.2888 17.2175 18.2886 17.2177 18.2884 17.218L14.7832 20.8084L11.2753 17.2151C11.2752 17.215 11.2751 17.2149 11.2749 17.2148C10.5677 16.4887 10.4678 15.1495 11.4104 14.3518L11.4108 14.3514C12.0745 13.7892 13.2018 13.82 13.9488 14.5846L14.7822 15.4378L15.6157 14.5846C16.3617 13.8211 17.4896 13.79 18.1545 14.3521" fill="#EB0203"></path>
                        </svg>
                        <svg class="inactive-content" width="100%" height="100%" viewBox="0 0 20 23" fill="none" xmlns="http://www.w3.org/2000/svg">
                        <path fill-rule="evenodd" clip-rule="evenodd" d="M6.18408 5.77914C6.18408 5.46223 6.44363 5.20532 6.7638 5.20532H12.3678C12.6879 5.20532 12.9475 5.46223 12.9475 5.77914C12.9475 6.09606 12.6879 6.35297 12.3678 6.35297H6.7638C6.44363 6.35297 6.18408 6.09606 6.18408 5.77914Z" fill="#EB0203"></path>
                        <path fill-rule="evenodd" clip-rule="evenodd" d="M6.18408 11.9034C6.18408 11.5865 6.44363 11.3296 6.7638 11.3296H12.3678C12.6879 11.3296 12.9475 11.5865 12.9475 11.9034C12.9475 12.2202 12.6879 12.4771 12.3678 12.4771H6.7638C6.44363 12.4771 6.18408 12.2202 6.18408 11.9034Z" fill="#EB0203"></path>
                        <path fill-rule="evenodd" clip-rule="evenodd" d="M6.18408 8.84116C6.18408 8.52424 6.44363 8.26733 6.7638 8.26733H12.3678C12.6879 8.26733 12.9475 8.52424 12.9475 8.84116C12.9475 9.15807 12.6879 9.41498 12.3678 9.41498H6.7638C6.44363 9.41498 6.18408 9.15807 6.18408 8.84116Z" fill="#EB0203"></path>
                        <path fill-rule="evenodd" clip-rule="evenodd" d="M6.18408 14.9655C6.18408 14.6486 6.44363 14.3917 6.7638 14.3917H10.1455C10.4657 14.3917 10.7252 14.6486 10.7252 14.9655C10.7252 15.2825 10.4657 15.5394 10.1455 15.5394H6.7638C6.44363 15.5394 6.18408 15.2825 6.18408 14.9655Z" fill="#EB0203"></path>
                        <path fill-rule="evenodd" clip-rule="evenodd" d="M3.67139 5.77914C3.67139 5.46223 3.93094 5.20532 4.25111 5.20532H4.63759C4.95776 5.20532 5.21731 5.46223 5.21731 5.77914C5.21731 6.09606 4.95776 6.35297 4.63759 6.35297H4.25111C3.93094 6.35297 3.67139 6.09606 3.67139 5.77914Z" fill="#EB0203"></path>
                        <path fill-rule="evenodd" clip-rule="evenodd" d="M3.67139 11.9034C3.67139 11.5865 3.93094 11.3296 4.25111 11.3296H4.63759C4.95776 11.3296 5.21731 11.5865 5.21731 11.9034C5.21731 12.2202 4.95776 12.4771 4.63759 12.4771H4.25111C3.93094 12.4771 3.67139 12.2202 3.67139 11.9034Z" fill="#EB0203"></path>
                        <path fill-rule="evenodd" clip-rule="evenodd" d="M3.67139 8.84116C3.67139 8.52424 3.93094 8.26733 4.25111 8.26733H4.63759C4.95776 8.26733 5.21731 8.52424 5.21731 8.84116C5.21731 9.15807 4.95776 9.41498 4.63759 9.41498H4.25111C3.93094 9.41498 3.67139 9.15807 3.67139 8.84116Z" fill="#EB0203"></path>
                        <path fill-rule="evenodd" clip-rule="evenodd" d="M3.67139 14.9655C3.67139 14.6486 3.93094 14.3917 4.25111 14.3917H4.63759C4.95776 14.3917 5.21731 14.6486 5.21731 14.9655C5.21731 15.2825 4.95776 15.5394 4.63759 15.5394H4.25111C3.93094 15.5394 3.67139 15.2825 3.67139 14.9655Z" fill="#EB0203"></path>
                        <path fill-rule="evenodd" clip-rule="evenodd" d="M0 1.76033C0 0.914738 0.692131 0.229248 1.54592 0.229248H15.0727C15.9265 0.229248 16.6186 0.914738 16.6186 1.76033V11.2818C16.6186 11.5989 16.3591 11.8559 16.0389 11.8559C15.7187 11.8559 15.4592 11.5989 15.4592 11.2818V1.76033C15.4592 1.54893 15.2862 1.37756 15.0727 1.37756H1.54592C1.33247 1.37756 1.15944 1.54893 1.15944 1.76033V18.985C1.15944 19.1964 1.33247 19.3678 1.54592 19.3678H9.27551C9.59568 19.3678 9.85523 19.6249 9.85523 19.942C9.85523 20.2591 9.59568 20.5161 9.27551 20.5161H1.54592C0.692131 20.5161 0 19.8306 0 18.985V1.76033Z" fill="#EB0203"></path>
                        <path fill-rule="evenodd" clip-rule="evenodd" d="M14.6254 13.8718C13.4921 12.8567 11.7821 12.7615 10.6574 13.7147C9.12472 15.0124 9.34891 17.128 10.4413 18.2493L14.0161 21.9126C14.2199 22.1217 14.493 22.2386 14.7824 22.2386C15.0739 22.2386 15.3449 22.1238 15.5487 21.9147L19.1235 18.2514C20.2139 17.13 20.4422 15.0144 18.9075 13.7147C17.7827 12.7634 16.0726 12.8569 14.9392 13.872C14.8856 13.92 14.8333 13.9701 14.7824 14.0222C14.7314 13.97 14.6791 13.9199 14.6254 13.8718ZM18.1546 14.588C19.0972 15.3869 18.9961 16.7262 18.2891 17.4541C18.2888 17.4543 18.2886 17.4546 18.2884 17.4548L14.7834 21.0466L11.2757 17.452C11.2756 17.4519 11.2755 17.4517 11.2753 17.4516C10.5681 16.7252 10.4682 15.3856 11.4108 14.5876L11.4112 14.5872C12.0748 14.0248 13.202 14.0556 13.949 14.8205L14.7824 15.674L15.6158 14.8205C16.3618 14.0567 17.4896 14.0256 18.1545 14.5879" fill="#EB0203"></path>
                        </svg>
                        </button>
                        </div>
                        </div>
                        <p class="ct-tile--brand">Lay's</p>
                        <p class="ct-tile--quantity">emb. 150 gr</p>
                        </div>
                        <div class="ct-tile-bottom row no-gutters justify-content-between">
                        <div class="ct-price-wrap col-8 col-sm-12">
                        <div class="price js-product-price">
                        <div class="prices-wrapper">
                        <span class="sales ct-tile--price-primary ">
                        <span class="value" content="2.19">
                        <span class="ct-price-formatted">
                        €2,19
                        </span>
                        <span class="ct-m-unit">
                        /un
                        </span>
                        </span>
                        </span>
                        </div>
                        <div class="ct-tile--price-secondary">
                        <span class="ct-price-value">
                        €14,60
                        </span>
                        <span class="ct-m-unit">
                        /kg
                        </span>
                        </div>
                        </div>
                        </div>
                        <div class="ct-tile-buy-section d-flex justify-content-center no-gutters col-auto col-sm-12">
                        <div class="col-2 d-sm-flex d-none">
                        <button class="wishlist-toggler guest-mode inactive button button--tertiary" data-pid="4896095" data-add-url="https://www.continente.pt/on/demandware.store/Sites-continente-Site/default/Wishlist-AddProduct?pid=4896095" data-toggle="tooltip" aria-label="Adicionar aos favoritos " data-original-title="Adicionar aos favoritos" data-placement="top" tabindex="0">
                        <svg class="active-content" width="100%" height="100%" viewBox="0 0 20 22" fill="none" xmlns="http://www.w3.org/2000/svg">
                        <path fill-rule="evenodd" clip-rule="evenodd" d="M0 1.53052C0 0.685236 0.692171 0 1.54601 0H15.0736C15.9274 0 16.6196 0.685235 16.6196 1.53052V13.4064L15.8127 13.922L14.2658 14.2658L12.7189 13.4064L10.6054 14.3818C10.4994 14.2451 10.3327 14.157 10.1452 14.157H6.76329C6.4431 14.157 6.18354 14.414 6.18354 14.731C6.18354 15.0479 6.4431 15.3049 6.76329 15.3049H10.1452C10.2478 15.3049 10.3441 15.2785 10.4277 15.2322L10.3126 16.8439L13.2345 20.2793H1.54601C0.69217 20.2793 0 19.5941 0 18.7488V1.53052ZM6.18354 5.5483C6.18354 5.23132 6.4431 4.97436 6.76329 4.97436H12.3676C12.6878 4.97436 12.9473 5.23132 12.9473 5.5483C12.9473 5.86528 12.6878 6.12224 12.3676 6.12224H6.76329C6.4431 6.12224 6.18354 5.86528 6.18354 5.5483ZM6.76329 11.0961C6.4431 11.0961 6.18354 11.3531 6.18354 11.6701C6.18354 11.987 6.4431 12.244 6.76329 12.244H12.3676C12.6878 12.244 12.9473 11.987 12.9473 11.6701C12.9473 11.3531 12.6878 11.0961 12.3676 11.0961H6.76329ZM6.18354 8.60985C6.18354 8.29287 6.4431 8.03591 6.76329 8.03591H12.3676C12.6878 8.03591 12.9473 8.29287 12.9473 8.60985C12.9473 8.92684 12.6878 9.1838 12.3676 9.1838H6.76329C6.4431 9.1838 6.18354 8.92684 6.18354 8.60985ZM3.67118 5.5483C3.67118 5.23132 3.93075 4.97436 4.25093 4.97436H4.63743C4.95762 4.97436 5.21719 5.23132 5.21719 5.5483C5.21719 5.86528 4.95762 6.12224 4.63743 6.12224H4.25093C3.93075 6.12224 3.67118 5.86528 3.67118 5.5483ZM4.25093 11.0961C3.93075 11.0961 3.67118 11.3531 3.67118 11.6701C3.67118 11.987 3.93075 12.244 4.25093 12.244H4.63743C4.95762 12.244 5.21719 11.987 5.21719 11.6701C5.21719 11.3531 4.95762 11.0961 4.63743 11.0961H4.25093ZM3.67118 8.60985C3.67118 8.29287 3.93075 8.03591 4.25093 8.03591H4.63743C4.95762 8.03591 5.21719 8.29287 5.21719 8.60985C5.21719 8.92684 4.95762 9.1838 4.63743 9.1838H4.25093C3.93075 9.1838 3.67118 8.92684 3.67118 8.60985ZM4.25093 14.157C3.93075 14.157 3.67118 14.414 3.67118 14.731C3.67118 15.0479 3.93075 15.3049 4.25093 15.3049H4.63743C4.95762 15.3049 5.21719 15.0479 5.21719 14.731C5.21719 14.414 4.95762 14.157 4.63743 14.157H4.25093Z" fill="#EB0203"></path>
                        <path fill-rule="evenodd" clip-rule="evenodd" d="M14.6252 13.6363C13.4918 12.6215 11.7817 12.5264 10.6569 13.4792C9.12421 14.7764 9.34841 16.8912 10.4409 18.0122L14.0159 21.6742C14.2197 21.8832 14.4928 22 14.7822 22C15.0737 22 15.3448 21.8852 15.5486 21.6762L19.1236 18.0142C20.214 16.8933 20.4423 14.7785 18.9075 13.4792C17.7827 12.5283 16.0724 12.6217 14.9391 13.6365C14.8855 13.6845 14.8331 13.7345 14.7822 13.7866C14.7313 13.7345 14.6789 13.6843 14.6252 13.6363ZM18.1546 14.3522C19.0973 15.1508 18.9962 16.4896 18.2891 17.2173C18.2888 17.2175 18.2886 17.2177 18.2884 17.218L14.7832 20.8084L11.2753 17.2151C11.2752 17.215 11.2751 17.2149 11.2749 17.2148C10.5677 16.4887 10.4678 15.1495 11.4104 14.3518L11.4108 14.3514C12.0745 13.7892 13.2018 13.82 13.9488 14.5846L14.7822 15.4378L15.6157 14.5846C16.3617 13.8211 17.4896 13.79 18.1545 14.3521" fill="#EB0203"></path>
                        </svg>
                        <svg class="inactive-content" width="100%" height="100%" viewBox="0 0 20 23" fill="none" xmlns="http://www.w3.org/2000/svg">
                        <path fill-rule="evenodd" clip-rule="evenodd" d="M6.18408 5.77914C6.18408 5.46223 6.44363 5.20532 6.7638 5.20532H12.3678C12.6879 5.20532 12.9475 5.46223 12.9475 5.77914C12.9475 6.09606 12.6879 6.35297 12.3678 6.35297H6.7638C6.44363 6.35297 6.18408 6.09606 6.18408 5.77914Z" fill="#EB0203"></path>
                        <path fill-rule="evenodd" clip-rule="evenodd" d="M6.18408 11.9034C6.18408 11.5865 6.44363 11.3296 6.7638 11.3296H12.3678C12.6879 11.3296 12.9475 11.5865 12.9475 11.9034C12.9475 12.2202 12.6879 12.4771 12.3678 12.4771H6.7638C6.44363 12.4771 6.18408 12.2202 6.18408 11.9034Z" fill="#EB0203"></path>
                        <path fill-rule="evenodd" clip-rule="evenodd" d="M6.18408 8.84116C6.18408 8.52424 6.44363 8.26733 6.7638 8.26733H12.3678C12.6879 8.26733 12.9475 8.52424 12.9475 8.84116C12.9475 9.15807 12.6879 9.41498 12.3678 9.41498H6.7638C6.44363 9.41498 6.18408 9.15807 6.18408 8.84116Z" fill="#EB0203"></path>
                        <path fill-rule="evenodd" clip-rule="evenodd" d="M6.18408 14.9655C6.18408 14.6486 6.44363 14.3917 6.7638 14.3917H10.1455C10.4657 14.3917 10.7252 14.6486 10.7252 14.9655C10.7252 15.2825 10.4657 15.5394 10.1455 15.5394H6.7638C6.44363 15.5394 6.18408 15.2825 6.18408 14.9655Z" fill="#EB0203"></path>
                        <path fill-rule="evenodd" clip-rule="evenodd" d="M3.67139 5.77914C3.67139 5.46223 3.93094 5.20532 4.25111 5.20532H4.63759C4.95776 5.20532 5.21731 5.46223 5.21731 5.77914C5.21731 6.09606 4.95776 6.35297 4.63759 6.35297H4.25111C3.93094 6.35297 3.67139 6.09606 3.67139 5.77914Z" fill="#EB0203"></path>
                        <path fill-rule="evenodd" clip-rule="evenodd" d="M3.67139 11.9034C3.67139 11.5865 3.93094 11.3296 4.25111 11.3296H4.63759C4.95776 11.3296 5.21731 11.5865 5.21731 11.9034C5.21731 12.2202 4.95776 12.4771 4.63759 12.4771H4.25111C3.93094 12.4771 3.67139 12.2202 3.67139 11.9034Z" fill="#EB0203"></path>
                        <path fill-rule="evenodd" clip-rule="evenodd" d="M3.67139 8.84116C3.67139 8.52424 3.93094 8.26733 4.25111 8.26733H4.63759C4.95776 8.26733 5.21731 8.52424 5.21731 8.84116C5.21731 9.15807 4.95776 9.41498 4.63759 9.41498H4.25111C3.93094 9.41498 3.67139 9.15807 3.67139 8.84116Z" fill="#EB0203"></path>
                        <path fill-rule="evenodd" clip-rule="evenodd" d="M3.67139 14.9655C3.67139 14.6486 3.93094 14.3917 4.25111 14.3917H4.63759C4.95776 14.3917 5.21731 14.6486 5.21731 14.9655C5.21731 15.2825 4.95776 15.5394 4.63759 15.5394H4.25111C3.93094 15.5394 3.67139 15.2825 3.67139 14.9655Z" fill="#EB0203"></path>
                        <path fill-rule="evenodd" clip-rule="evenodd" d="M0 1.76033C0 0.914738 0.692131 0.229248 1.54592 0.229248H15.0727C15.9265 0.229248 16.6186 0.914738 16.6186 1.76033V11.2818C16.6186 11.5989 16.3591 11.8559 16.0389 11.8559C15.7187 11.8559 15.4592 11.5989 15.4592 11.2818V1.76033C15.4592 1.54893 15.2862 1.37756 15.0727 1.37756H1.54592C1.33247 1.37756 1.15944 1.54893 1.15944 1.76033V18.985C1.15944 19.1964 1.33247 19.3678 1.54592 19.3678H9.27551C9.59568 19.3678 9.85523 19.6249 9.85523 19.942C9.85523 20.2591 9.59568 20.5161 9.27551 20.5161H1.54592C0.692131 20.5161 0 19.8306 0 18.985V1.76033Z" fill="#EB0203"></path>
                        <path fill-rule="evenodd" clip-rule="evenodd" d="M14.6254 13.8718C13.4921 12.8567 11.7821 12.7615 10.6574 13.7147C9.12472 15.0124 9.34891 17.128 10.4413 18.2493L14.0161 21.9126C14.2199 22.1217 14.493 22.2386 14.7824 22.2386C15.0739 22.2386 15.3449 22.1238 15.5487 21.9147L19.1235 18.2514C20.2139 17.13 20.4422 15.0144 18.9075 13.7147C17.7827 12.7634 16.0726 12.8569 14.9392 13.872C14.8856 13.92 14.8333 13.9701 14.7824 14.0222C14.7314 13.97 14.6791 13.9199 14.6254 13.8718ZM18.1546 14.588C19.0972 15.3869 18.9961 16.7262 18.2891 17.4541C18.2888 17.4543 18.2886 17.4546 18.2884 17.4548L14.7834 21.0466L11.2757 17.452C11.2756 17.4519 11.2755 17.4517 11.2753 17.4516C10.5681 16.7252 10.4682 15.3856 11.4108 14.5876L11.4112 14.5872C12.0748 14.0248 13.202 14.0556 13.949 14.8205L14.7824 15.674L15.6158 14.8205C16.3618 14.0567 17.4896 14.0256 18.1545 14.5879" fill="#EB0203"></path>
                        </svg>
                        </button>
                        </div>
                        <div class="col-sm-10 col-12">
                        <div class="ct-tile-quantity d-none" data-pid="4896095">
                        <input type="hidden" class="add-to-cart-url" value="https://www.continente.pt/on/demandware.store/Sites-continente-Site/default/Cart-AddProduct" tabindex="0">
                        <div class="d-none tile-delete-confirmation-btn" data-pid="4896095" data-delay-time="3000" data-in-cart-msg="no carrinho" data-one-product-added="Adicionado ao carrinho" data-remove-from-cart-msg="Removido do carrinho" data-stay-open="6000.0" data-confirmation-image="{&quot;url&quot;:&quot;https://www.continente.pt/dw/image/v2/BDVS_PRD/on/demandware.static/-/Sites-col-master-catalog/default/dw2268803e/images/col/489/4896095-frente.jpg?sw=87&amp;sh=80&quot;,&quot;fallbackimage&quot;:{&quot;url&quot;:&quot;https://www.continente.pt/dw/image/v2/BDVS_PRD/on/demandware.static/Sites-continente-Site/-/default/dw7c42b4da/images/noimagelarge_product.png?sw=87&amp;sh=80&quot;,&quot;title&quot;:&quot;Batata Frita Forno Ondulada Original&quot;,&quot;alt&quot;:&quot;Batata Frita Forno Ondulada Original&quot;},&quot;title&quot;:&quot;Batata Frita Forno Ondulada Original&quot;,&quot;alt&quot;:&quot;Batata Frita Forno Ondulada Original&quot;}"></div>
                        <div class="ct-tile-quantity-update quantity-update product-qty-vue" data-remove-action="https://www.continente.pt/on/demandware.store/Sites-continente-Site/default/Cart-RemoveProductLineItem" data-action="https://www.continente.pt/on/demandware.store/Sites-continente-Site/default/Cart-UpdateQuantity" data-dimension-update="https://www.continente.pt/on/demandware.store/Sites-continente-Site/default/Cart-DimensionUpdate" data-pid="4896095" data-uuid="037115e6aa90ee340159c204f2" data-add-delay="500.0" data-measure-options="{&quot;hasConversionRate&quot;:false,&quot;hasAlternativeSaleUnit&quot;:false,&quot;unitConversionRate&quot;:0,&quot;minOrderQuantity&quot;:1,&quot;stepQuantity&quot;:1,&quot;primaryunit&quot;:&quot;un&quot;,&quot;secondaryunit&quot;:&quot;kg&quot;,&quot;selectedunit&quot;:&quot;primary&quot;,&quot;maxNumberOfUnitsPerSale&quot;:50}" data-price-available="null" :data-has-error="isMaxQtyReached || isMinQtyReached || qtySelectedMoreThanOne">
                        <template v-show="prodUnits">
                        <div class="quantity-input-wrapper has-units">
                        <label class="visually-hidden" :for="'quantity-' + pid + additionalTag">
                        Quantidade no carrinho
                        </label>
                        <input :ref="'quantityInput-' + pid + additionalTag" class="add-to-cart-quantity form-control ct-form-input text-center" inputmode="numeric" :class="{'is-invalid': isInvalid}" :data-pid="pid + additionalTag" :name="'quantity-' + pid + additionalTag" type="text" aria-label="Insira a quantidade" title="" v-model="displayValue" @change="updateQuantity" @focus="updateQtyFormat" @blur="restoreQtyFormat" :disabled="!isPriceAvailable">
                        <span class="quantity-icon quantity-icon--minus">
                        <button class="decrease-quantity-btn" @click="updateQuantity" :disabled="!isPriceAvailable" role="button" aria-label="Reduzir quantidade">
                        <i class="css-math-minus"></i>
                        </button>
                        </span>
                        <span class="quantity-icon quantity-icon--plus">
                        <button class="increase-quantity-btn" @click="updateQuantity" :disabled="isMaxQtyReached || !isPriceAvailable" role="button" aria-label="Aumentar quantidade">
                        <i class="css-math-plus"></i>
                        </button>
                        <span class="quantity-btn-disabled-placeholder"></span>
                        </span>
                        <template v-if="isPDP">
                        <span class="quantity-error ct-span-error text-sm-center product-max-allocation" v-if="isMaxQtyReached">
                        Quantidade máxima atingida
                        </span>
                        <span class="quantity-error ct-span-product text-sm-center product-allocation" v-if="!isMinQtyReached &amp;&amp; !isMaxQtyReached">
                        {{quantitySelected}} no carrinho
                        </span>
                        <span class="quantity-error ct-span-error text-sm-center product-min-allocation" :data-pid="pid" v-if="isMinQtyReached &amp;&amp; !isMaxQtyReached">
                        Quantidade mínima atingida
                        </span>
                        </template>
                        </div>
                        <template v-if="showNotes">
                        <div class="add-note-link-container ">
                        <div class="add-note">
                        <a href="/produto/batata-frita-forno-ondulada-original-lays-4896095.html?showNote=true" class="ct-add-note-redirect-pdp" aria-label="Adicionar comentário">
                        <span class="svg-wrapper svg-icon-notes" style="width:19px; height:20px">
                        <svg class="svg-inline icon-notes" viewBox="0 0 28 30" xmlns="http://www.w3.org/2000/svg" width="100%" height="100%"><path d="M21.738 0C22.985 0 24 1.04 24 2.319V12.47c0 .469-.37.848-.828.848-.457 0-.827-.38-.827-.848V2.32c0-.343-.273-.622-.607-.622H2.262c-.334 0-.607.279-.607.622V27.68c0 .343.273.622.607.622h7.81c.457 0 .827.38.827.849 0 .468-.37.848-.827.848h-7.81C1.015 30 0 28.96 0 27.681V2.32C0 1.04 1.015 0 2.262 0h19.476zm2.844 16.004l.227.007c.823.053 1.589.39 2.176.964.64.627.993 1.46.993 2.349 0 .888-.353 1.722-.993 2.348l-6.83 6.665c-.11.108-.247.186-.397.226l-5.032 1.363c-.078.021-.16.032-.241.032-.242 0-.478-.097-.647-.266-.23-.231-.314-.566-.218-.874l1.49-4.798c.044-.139.122-.266.227-.369l6.844-6.677c.64-.625 1.493-.97 2.401-.97zm-2.886 3.94l-4.922 4.802-.947 3.048 3.22-.872 4.897-4.78-2.248-2.197zm2.887-2.174c-.425 0-.824.162-1.124.455l-.484.472 2.248 2.197.484-.472c.62-.606.62-1.591 0-2.197l-.117-.104c-.283-.227-.636-.35-1.007-.35zm-10.839.022c.498 0 .904.396.904.883 0 .488-.406.884-.904.884H5.946c-.499 0-.904-.396-.904-.884 0-.487.405-.883.904-.883zm5.042-4.876c.498 0 .904.397.904.884s-.406.884-.904.884H5.946c-.499 0-.904-.397-.904-.884s.405-.884.904-.884zm0-4.875c.498 0 .904.396.904.884 0 .487-.406.883-.904.883H5.946c-.499 0-.904-.396-.904-.883 0-.488.405-.884.904-.884z" fill="#EB0203" fill-rule="evenodd"></path></svg>
                        </span>
                        <div class="available-note d-none"></div>
                        </a>
                        </div>
                        </div>
                        </template>
                        <div class="measurement-unit-section" v-if="isPriceAvailable &amp;&amp; prodUnits ? prodUnits.hasAlternativeUnit : false">
                        <div class="ct-form-radio" @click="setDimension">
                        <input type="radio" title="" class="ct-form-check-input product-measurement-unit" :data-type="prodUnits.selectedUnit == prodUnits.secondaryUnit ? 'primary' : ''" :id="prodUnits.secondaryUnit + '-' + pid + '-measurement-unit-ptile' + additionalTag" :name="'measurement-unit-' + pid + '-ptile' + additionalTag" :value="prodUnits.secondaryUnit" v-model="prodUnits.selectedUnit">
                        <label :class="prodUnits.secondaryUnit + '-label ct-form-check-label mb-0'" :for="prodUnits.secondaryUnit + '-' + pid + '-measurement-unit-ptile' + additionalTag">
                        {{prodUnits.secondaryUnit}}
                        </label>
                        <span class="checkmark"></span>
                        </div>
                        <div class="ct-form-radio" @click="setDimension">
                        <input type="radio" title="" class="ct-form-check-input product-measurement-unit" :data-type="prodUnits.selectedUnit == prodUnits.primaryUnit ? 'primary' : ''" :id="prodUnits.primaryUnit + '-' + pid + '-measurement-unit-ptile' + additionalTag" :name="'measurement-unit-' + pid + '-ptile' + additionalTag" :value="prodUnits.primaryUnit" v-model="prodUnits.selectedUnit">
                        <label :class="prodUnits.primaryUnit + '-label ct-form-check-label mb-0'" :for="prodUnits.primaryUnit + '-' + pid + '-measurement-unit-ptile' + additionalTag">
                        {{prodUnits.primaryUnit}}
                        </label>
                        <span class="checkmark"></span>
                        </div>
                        </div>
                        <template v-if="!isPDP &amp;&amp; isPriceAvailable">
                        <span class="quantity-error ct-span-error product-max-allocation" v-if="isMaxQtyReached">
                        Quantidade máxima atingida
                        </span>
                        <span class="quantity-error ct-span-product product-allocation" v-if="!isMinQtyReached &amp;&amp; !isMaxQtyReached">
                        {{quantitySelected}} no carrinho
                        </span>
                        <span class="quantity-error ct-span-error product-min-allocation" :data-pid="pid" v-if="isMinQtyReached &amp;&amp; !isMaxQtyReached">
                        Quantidade mínima atingida
                        </span>
                        </template>
                        </template>
                        </div>
                        <input class="quantity-value-mask d-none" name="quantity" type="number" min="0" value="" tabindex="0">
                        </div>
                        <button type="button" class="add-to-cart button js-add-to-cart js-add-to-cart-tile 4896095 button--primary dynamic-layout-btn" data-toggle="modal" data-target="#chooseBonusProductModal" data-pid="4896095" data-quantity-value="null" aria-label="Carrinho" tabindex="0">
                        <span class="d-block d-sm-none">
                        <span class="svg-wrapper svg-icon-cart" style="width:20px; height:20px">
                        <svg class="svg-inline icon-cart" xmlns="http://www.w3.org/2000/svg" viewBox="0 0 500 500" width="100%" height="100%"><path fill="#EB0203" fill-rule="evenodd" d="M 485.67317,94.386311 C 476.37798,83.847129 463.09468,78.03348 448.30404,78.03348 H 90.690813 L 87.079511,51.327997 C 83.185582,22.539551 62.962285,0 41.011841,0 H 14.727836 C 6.563151,0 0,6.5286975 0,14.580758 c 0,8.05206 6.5945535,14.580758 14.727836,14.580758 h 26.284005 c 4.710398,0 14.696435,9.855222 16.894619,26.021523 L 100.01739,368.0631 c 1.88416,13.77244 9.01256,26.70549 20.1605,36.37417 8.25889,7.15046 18.02511,11.9071 28.26237,13.89679 -4.17655,7.58572 -6.53175,16.25957 -6.53175,25.493 0,29.53459 24.27424,53.59751 54.13815,53.59751 29.8325,0 54.13814,-24.03184 54.13814,-53.59751 0,-8.79818 -2.19818,-17.09897 -5.9979,-24.43598 h 77.12488 c -3.79973,7.33701 -5.96652,15.6378 -5.96652,24.43598 0,29.53459 24.27424,53.59751 54.13817,53.59751 29.83249,0 54.13814,-24.03184 54.13814,-53.59751 0,-8.79818 -2.1982,-17.09897 -5.9979,-24.43598 h 38.56243 c 8.13328,0 14.72783,-6.5287 14.72783,-14.61183 0,-8.02098 -6.59455,-14.54967 -14.72783,-14.54967 H 159.24277 c -14.38241,0 -28.13677,-11.90711 -30.02092,-26.02153 l -3.07746,-22.88154 h 290.6314 c 14.03698,0 27.94834,-5.28513 39.06488,-14.95381 11.11652,-9.6376 18.27632,-22.57065 20.16048,-36.37417 l 21.10259,-156.78201 c 1.94694,-14.51858 -2.10398,-28.29103 -11.43057,-38.861299 z M 220.76053,443.82706 c 0,13.49265 -11.08513,24.46709 -24.68247,24.46709 -13.62874,0 -24.71387,-10.97444 -24.71387,-24.46709 0,-13.49262 11.08513,-24.43598 24.71387,-24.43598 13.59734,0 24.68247,10.94336 24.68247,24.43598 z m 173.43675,0 c 0,13.49265 -11.08512,24.46709 -24.68245,24.46709 -13.62876,0 -24.71388,-10.97444 -24.71388,-24.46709 0,-13.49262 11.08512,-24.43598 24.71388,-24.43598 13.59733,0 24.68245,10.94336 24.68245,24.43598 z m 73.7648,-314.46558 -21.13397,156.782 c -1.88416,14.11442 -15.63851,26.05261 -30.02091,26.05261 H 122.25046 L 94.616142,107.19499 H 448.33544 c 6.18632,0 11.61896,2.2695 15.23028,6.37326 3.64269,4.13484 5.21283,9.73086 4.39636,15.79323 z"></path></svg>
                        </span>
                        </span>
                        <span class="add-to-cart--text d-none d-sm-block">Carrinho</span>
                        </button>
                        </div>
                        </div>
                        </div>
                        </div>
                        
                        <div class="col-12 d-sm-none">
                        </div>
                        </div>
                        </div>
                        </div>
                        </div><div class="pd-tile-wrap slick-slide slick-active" data-idx="5" style="height: auto; width: 221px;" data-slick-index="4" aria-hidden="false" tabindex="0" role="tabpanel" id="slick-slide14">
                        
                        <script type="text/javascript">//<!--
                        /* <![CDATA[ */
                        (function(){
                        try {
                            if(window.CQuotient) {
                                var cq_params = {};
                                cq_params.cookieId = window.CQuotient.getCQCookieId();
                                cq_params.userId = window.CQuotient.getCQUserId();
                                cq_params.emailId = CQuotient.getCQHashedEmail();
                                cq_params.loginId = CQuotient.getCQHashedLogin();
                                cq_params.accumulate = true;
                                cq_params.products = [{
                                    id: '7251550',
                                    sku: '',
                                    type: '',
                                    alt_id: ''
                                }];
                                cq_params.recommenderName = 'FOOD-MERCEARIA';
                                cq_params.realm = "BDVS";
                                cq_params.siteId = "continente";
                                cq_params.instanceType = "prd";
                                cq_params.locale = window.CQuotient.locale;
                                cq_params.slotId = 'col-category-product-recommendations';
                                cq_params.slotConfigId = 'FOOD Recommender Mercearia - Einstein';
                                cq_params.slotConfigTemplate = 'slots\/recommendation\/recommendedProductsCLP.isml';
                                if(window.CQuotient.sendActivity)
                                    window.CQuotient.sendActivity( CQuotient.clientId, 'viewReco', cq_params );
                                else
                                    window.CQuotient.activities.push( {activityType: 'viewReco', parameters: cq_params} );
                            }
                        } catch(err) {}
                        })();
                        /* ]]> */
                        // -->
                        </script>
                        <script type="text/javascript">//<!--
                        /* <![CDATA[ (viewProduct-active_data.js) */
                        dw.ac._capture({id: "7251550", type: "recommendation"});
                        /* ]]> */
                        // -->
                        </script>
                        <div class="product" data-pid="7251550">
                        <div class="product-tile pid-7251550   ct-product-tile " data-delay-time="3000" data-variants-mapping="[]" data-in-cart-msg="no carrinho" data-one-product-added="Adicionado ao carrinho" data-remove-from-cart-msg="Removido do carrinho" data-stay-open="6000.0" data-product-tile-impression="{&quot;name&quot;:&quot;7251550&quot;,&quot;id&quot;:&quot;7251550&quot;,&quot;price&quot;:1.09,&quot;brand&quot;:&quot;Oreo&quot;,&quot;category&quot;:[{&quot;category_level_1&quot;:&quot;Mercearia&quot;},{&quot;category_level_2&quot;:&quot;Bolachas, Biscoitos e Tostas&quot;},{&quot;category_level_3&quot;:&quot;Bolachas com Cobertura e Recheio&quot;}],&quot;variant&quot;:&quot;&quot;}">
                        <div class="ct-inner-tile-wrap row no-gutters justify-content-center align-content-start">
                        
                        <div class="ct-product-tile-badge ct-product-tile-badge--promotional">
                        <img class="img-fluid lazyloaded" loading="lazy" data-src="https://www.continente.pt/dw/image/v2/BDVS_PRD/on/demandware.static/-/Sites-continente-Library/default/dwf5980f2e/images/badges/pvpr/col/pvpr.png?sw=60&amp;sh=42" alt="PVP Recomendado: €1,49/un" title="PVP Recomendado: €1,49/un" src="https://www.continente.pt/dw/image/v2/BDVS_PRD/on/demandware.static/-/Sites-continente-Library/default/dwf5980f2e/images/badges/pvpr/col/pvpr.png?sw=60&amp;sh=42">
                        <div class="ct-product-tile-badge-value-wrapper ct-product-tile-badge-value-wrapper--pvpr  ">
                        <div class="ct-product-tile-badge-addition d-flex flex-column align-self-center text-center">
                        <span class="ct-product-tile-badge-addition--sign">
                        +
                        </span>
                        <span class="ct-product-tile-badge-addition--text">
                        DE
                        </span>
                        </div>
                        <span class="ct-product-tile-badge-value--pvpr">
                        25
                        </span>
                        <span class="ct-product-tile-badge-value--pvpr-quantifier ">
                        %
                        </span>
                        </div>
                        </div>
                        
                        <div class="ct-image-container col-4 col-sm" data-confirmation-image="{&quot;url&quot;:&quot;https://www.continente.pt/dw/image/v2/BDVS_PRD/on/demandware.static/-/Sites-col-master-catalog/default/dw18c0df8a/images/col/725/7251550-frente.jpg?sw=87&amp;sh=80&quot;,&quot;fallbackimage&quot;:{&quot;url&quot;:&quot;https://www.continente.pt/dw/image/v2/BDVS_PRD/on/demandware.static/Sites-continente-Site/-/default/dw7c42b4da/images/noimagelarge_product.png?sw=87&amp;sh=80&quot;,&quot;title&quot;:&quot;Bolacha Chocolate Sabor Baunilha Tubo Original Halloween&quot;,&quot;alt&quot;:&quot;Bolacha Chocolate Sabor Baunilha Tubo Original Halloween&quot;},&quot;title&quot;:&quot;Bolacha Chocolate Sabor Baunilha Tubo Original Halloween&quot;,&quot;alt&quot;:&quot;Bolacha Chocolate Sabor Baunilha Tubo Original Halloween&quot;}">
                        <a href="https://www.continente.pt/produto/bolacha-chocolate-sabor-baunilha-tubo-original-halloween-oreo-7251550.html?cgid=home" tabindex="0">
                        <picture class="intrinsic intrinsic--square">
                        <img class="ct-tile-image lazyloaded" loading="lazy" onerror="this.onerror=null;this.src='/on/demandware.static/Sites-continente-Site/-/default/dw7c42b4da/images/noimagelarge_product.png';" data-src="https://www.continente.pt/dw/image/v2/BDVS_PRD/on/demandware.static/-/Sites-col-master-catalog/default/dw18c0df8a/images/col/725/7251550-frente.jpg?sw=280&amp;sh=280" alt="Bolacha Chocolate Sabor Baunilha Tubo Original Halloween" title="Bolacha Chocolate Sabor Baunilha Tubo Original Halloween" src="https://www.continente.pt/dw/image/v2/BDVS_PRD/on/demandware.static/-/Sites-col-master-catalog/default/dw18c0df8a/images/col/725/7251550-frente.jpg?sw=280&amp;sh=280">
                        </picture>
                        </a>
                        <div class="color-swatches d-flex" style="margin-left: 5px;">
                        <div class="swatches d-flex">
                        </div>
                        </div>
                        </div>
                        <div class="ct-tile-body col col-sm-auto ">
                        <div class="ct-pdp-details">
                        <div class="ct-pdp-link">
                        <a class="ct-tile--description" href="https://www.continente.pt/produto/bolacha-chocolate-sabor-baunilha-tubo-original-halloween-oreo-7251550.html?cgid=home" tabindex="0">Bolacha Chocolate Sabor Baunilha Tubo Original Halloween</a>
                        <div class="ct-tile--favorite-top d-sm-none">
                        <button class="wishlist-toggler guest-mode inactive button button--tertiary" data-pid="7251550" data-add-url="https://www.continente.pt/on/demandware.store/Sites-continente-Site/default/Wishlist-AddProduct?pid=7251550" data-toggle="tooltip" aria-label="Adicionar aos favoritos " data-original-title="Adicionar aos favoritos" data-placement="top" tabindex="0">
                        <svg class="active-content" width="100%" height="100%" viewBox="0 0 20 22" fill="none" xmlns="http://www.w3.org/2000/svg">
                        <path fill-rule="evenodd" clip-rule="evenodd" d="M0 1.53052C0 0.685236 0.692171 0 1.54601 0H15.0736C15.9274 0 16.6196 0.685235 16.6196 1.53052V13.4064L15.8127 13.922L14.2658 14.2658L12.7189 13.4064L10.6054 14.3818C10.4994 14.2451 10.3327 14.157 10.1452 14.157H6.76329C6.4431 14.157 6.18354 14.414 6.18354 14.731C6.18354 15.0479 6.4431 15.3049 6.76329 15.3049H10.1452C10.2478 15.3049 10.3441 15.2785 10.4277 15.2322L10.3126 16.8439L13.2345 20.2793H1.54601C0.69217 20.2793 0 19.5941 0 18.7488V1.53052ZM6.18354 5.5483C6.18354 5.23132 6.4431 4.97436 6.76329 4.97436H12.3676C12.6878 4.97436 12.9473 5.23132 12.9473 5.5483C12.9473 5.86528 12.6878 6.12224 12.3676 6.12224H6.76329C6.4431 6.12224 6.18354 5.86528 6.18354 5.5483ZM6.76329 11.0961C6.4431 11.0961 6.18354 11.3531 6.18354 11.6701C6.18354 11.987 6.4431 12.244 6.76329 12.244H12.3676C12.6878 12.244 12.9473 11.987 12.9473 11.6701C12.9473 11.3531 12.6878 11.0961 12.3676 11.0961H6.76329ZM6.18354 8.60985C6.18354 8.29287 6.4431 8.03591 6.76329 8.03591H12.3676C12.6878 8.03591 12.9473 8.29287 12.9473 8.60985C12.9473 8.92684 12.6878 9.1838 12.3676 9.1838H6.76329C6.4431 9.1838 6.18354 8.92684 6.18354 8.60985ZM3.67118 5.5483C3.67118 5.23132 3.93075 4.97436 4.25093 4.97436H4.63743C4.95762 4.97436 5.21719 5.23132 5.21719 5.5483C5.21719 5.86528 4.95762 6.12224 4.63743 6.12224H4.25093C3.93075 6.12224 3.67118 5.86528 3.67118 5.5483ZM4.25093 11.0961C3.93075 11.0961 3.67118 11.3531 3.67118 11.6701C3.67118 11.987 3.93075 12.244 4.25093 12.244H4.63743C4.95762 12.244 5.21719 11.987 5.21719 11.6701C5.21719 11.3531 4.95762 11.0961 4.63743 11.0961H4.25093ZM3.67118 8.60985C3.67118 8.29287 3.93075 8.03591 4.25093 8.03591H4.63743C4.95762 8.03591 5.21719 8.29287 5.21719 8.60985C5.21719 8.92684 4.95762 9.1838 4.63743 9.1838H4.25093C3.93075 9.1838 3.67118 8.92684 3.67118 8.60985ZM4.25093 14.157C3.93075 14.157 3.67118 14.414 3.67118 14.731C3.67118 15.0479 3.93075 15.3049 4.25093 15.3049H4.63743C4.95762 15.3049 5.21719 15.0479 5.21719 14.731C5.21719 14.414 4.95762 14.157 4.63743 14.157H4.25093Z" fill="#EB0203"></path>
                        <path fill-rule="evenodd" clip-rule="evenodd" d="M14.6252 13.6363C13.4918 12.6215 11.7817 12.5264 10.6569 13.4792C9.12421 14.7764 9.34841 16.8912 10.4409 18.0122L14.0159 21.6742C14.2197 21.8832 14.4928 22 14.7822 22C15.0737 22 15.3448 21.8852 15.5486 21.6762L19.1236 18.0142C20.214 16.8933 20.4423 14.7785 18.9075 13.4792C17.7827 12.5283 16.0724 12.6217 14.9391 13.6365C14.8855 13.6845 14.8331 13.7345 14.7822 13.7866C14.7313 13.7345 14.6789 13.6843 14.6252 13.6363ZM18.1546 14.3522C19.0973 15.1508 18.9962 16.4896 18.2891 17.2173C18.2888 17.2175 18.2886 17.2177 18.2884 17.218L14.7832 20.8084L11.2753 17.2151C11.2752 17.215 11.2751 17.2149 11.2749 17.2148C10.5677 16.4887 10.4678 15.1495 11.4104 14.3518L11.4108 14.3514C12.0745 13.7892 13.2018 13.82 13.9488 14.5846L14.7822 15.4378L15.6157 14.5846C16.3617 13.8211 17.4896 13.79 18.1545 14.3521" fill="#EB0203"></path>
                        </svg>
                        <svg class="inactive-content" width="100%" height="100%" viewBox="0 0 20 23" fill="none" xmlns="http://www.w3.org/2000/svg">
                        <path fill-rule="evenodd" clip-rule="evenodd" d="M6.18408 5.77914C6.18408 5.46223 6.44363 5.20532 6.7638 5.20532H12.3678C12.6879 5.20532 12.9475 5.46223 12.9475 5.77914C12.9475 6.09606 12.6879 6.35297 12.3678 6.35297H6.7638C6.44363 6.35297 6.18408 6.09606 6.18408 5.77914Z" fill="#EB0203"></path>
                        <path fill-rule="evenodd" clip-rule="evenodd" d="M6.18408 11.9034C6.18408 11.5865 6.44363 11.3296 6.7638 11.3296H12.3678C12.6879 11.3296 12.9475 11.5865 12.9475 11.9034C12.9475 12.2202 12.6879 12.4771 12.3678 12.4771H6.7638C6.44363 12.4771 6.18408 12.2202 6.18408 11.9034Z" fill="#EB0203"></path>
                        <path fill-rule="evenodd" clip-rule="evenodd" d="M6.18408 8.84116C6.18408 8.52424 6.44363 8.26733 6.7638 8.26733H12.3678C12.6879 8.26733 12.9475 8.52424 12.9475 8.84116C12.9475 9.15807 12.6879 9.41498 12.3678 9.41498H6.7638C6.44363 9.41498 6.18408 9.15807 6.18408 8.84116Z" fill="#EB0203"></path>
                        <path fill-rule="evenodd" clip-rule="evenodd" d="M6.18408 14.9655C6.18408 14.6486 6.44363 14.3917 6.7638 14.3917H10.1455C10.4657 14.3917 10.7252 14.6486 10.7252 14.9655C10.7252 15.2825 10.4657 15.5394 10.1455 15.5394H6.7638C6.44363 15.5394 6.18408 15.2825 6.18408 14.9655Z" fill="#EB0203"></path>
                        <path fill-rule="evenodd" clip-rule="evenodd" d="M3.67139 5.77914C3.67139 5.46223 3.93094 5.20532 4.25111 5.20532H4.63759C4.95776 5.20532 5.21731 5.46223 5.21731 5.77914C5.21731 6.09606 4.95776 6.35297 4.63759 6.35297H4.25111C3.93094 6.35297 3.67139 6.09606 3.67139 5.77914Z" fill="#EB0203"></path>
                        <path fill-rule="evenodd" clip-rule="evenodd" d="M3.67139 11.9034C3.67139 11.5865 3.93094 11.3296 4.25111 11.3296H4.63759C4.95776 11.3296 5.21731 11.5865 5.21731 11.9034C5.21731 12.2202 4.95776 12.4771 4.63759 12.4771H4.25111C3.93094 12.4771 3.67139 12.2202 3.67139 11.9034Z" fill="#EB0203"></path>
                        <path fill-rule="evenodd" clip-rule="evenodd" d="M3.67139 8.84116C3.67139 8.52424 3.93094 8.26733 4.25111 8.26733H4.63759C4.95776 8.26733 5.21731 8.52424 5.21731 8.84116C5.21731 9.15807 4.95776 9.41498 4.63759 9.41498H4.25111C3.93094 9.41498 3.67139 9.15807 3.67139 8.84116Z" fill="#EB0203"></path>
                        <path fill-rule="evenodd" clip-rule="evenodd" d="M3.67139 14.9655C3.67139 14.6486 3.93094 14.3917 4.25111 14.3917H4.63759C4.95776 14.3917 5.21731 14.6486 5.21731 14.9655C5.21731 15.2825 4.95776 15.5394 4.63759 15.5394H4.25111C3.93094 15.5394 3.67139 15.2825 3.67139 14.9655Z" fill="#EB0203"></path>
                        <path fill-rule="evenodd" clip-rule="evenodd" d="M0 1.76033C0 0.914738 0.692131 0.229248 1.54592 0.229248H15.0727C15.9265 0.229248 16.6186 0.914738 16.6186 1.76033V11.2818C16.6186 11.5989 16.3591 11.8559 16.0389 11.8559C15.7187 11.8559 15.4592 11.5989 15.4592 11.2818V1.76033C15.4592 1.54893 15.2862 1.37756 15.0727 1.37756H1.54592C1.33247 1.37756 1.15944 1.54893 1.15944 1.76033V18.985C1.15944 19.1964 1.33247 19.3678 1.54592 19.3678H9.27551C9.59568 19.3678 9.85523 19.6249 9.85523 19.942C9.85523 20.2591 9.59568 20.5161 9.27551 20.5161H1.54592C0.692131 20.5161 0 19.8306 0 18.985V1.76033Z" fill="#EB0203"></path>
                        <path fill-rule="evenodd" clip-rule="evenodd" d="M14.6254 13.8718C13.4921 12.8567 11.7821 12.7615 10.6574 13.7147C9.12472 15.0124 9.34891 17.128 10.4413 18.2493L14.0161 21.9126C14.2199 22.1217 14.493 22.2386 14.7824 22.2386C15.0739 22.2386 15.3449 22.1238 15.5487 21.9147L19.1235 18.2514C20.2139 17.13 20.4422 15.0144 18.9075 13.7147C17.7827 12.7634 16.0726 12.8569 14.9392 13.872C14.8856 13.92 14.8333 13.9701 14.7824 14.0222C14.7314 13.97 14.6791 13.9199 14.6254 13.8718ZM18.1546 14.588C19.0972 15.3869 18.9961 16.7262 18.2891 17.4541C18.2888 17.4543 18.2886 17.4546 18.2884 17.4548L14.7834 21.0466L11.2757 17.452C11.2756 17.4519 11.2755 17.4517 11.2753 17.4516C10.5681 16.7252 10.4682 15.3856 11.4108 14.5876L11.4112 14.5872C12.0748 14.0248 13.202 14.0556 13.949 14.8205L14.7824 15.674L15.6158 14.8205C16.3618 14.0567 17.4896 14.0256 18.1545 14.5879" fill="#EB0203"></path>
                        </svg>
                        </button>
                        </div>
                        </div>
                        <p class="ct-tile--brand">Oreo</p>
                        <p class="ct-tile--quantity">emb. 154 gr</p>
                        </div>
                        <div class="ct-tile-bottom row no-gutters justify-content-between">
                        <div class="ct-price-wrap col-8 col-sm-12">
                        <div class="price js-product-price">
                        <div class="prices-wrapper">
                        
                        <span class="sales ct-tile--price-primary ">
                        <span class="value" content="1.09">
                        <span class="ct-price-formatted">
                        €1,09
                        </span>
                        <span class="ct-m-unit">
                        /un
                        </span>
                        </span>
                        </span>
                        </div>
                        <div class="ct-tile--price-secondary">
                        <span class="ct-price-value">
                        €7,08
                        </span>
                        <span class="ct-m-unit">
                        /kg
                        </span>
                        </div>
                        <p class="ct-discount-amount ct-discount-amount-pvpr">PVP Recomendado: €1,49/un</p>
                        </div>
                        </div>
                        <div class="ct-tile-buy-section d-flex justify-content-center no-gutters col-auto col-sm-12">
                        <div class="col-2 d-sm-flex d-none">
                        <button class="wishlist-toggler guest-mode inactive button button--tertiary" data-pid="7251550" data-add-url="https://www.continente.pt/on/demandware.store/Sites-continente-Site/default/Wishlist-AddProduct?pid=7251550" data-toggle="tooltip" aria-label="Adicionar aos favoritos " data-original-title="Adicionar aos favoritos" data-placement="top" tabindex="0">
                        <svg class="active-content" width="100%" height="100%" viewBox="0 0 20 22" fill="none" xmlns="http://www.w3.org/2000/svg">
                        <path fill-rule="evenodd" clip-rule="evenodd" d="M0 1.53052C0 0.685236 0.692171 0 1.54601 0H15.0736C15.9274 0 16.6196 0.685235 16.6196 1.53052V13.4064L15.8127 13.922L14.2658 14.2658L12.7189 13.4064L10.6054 14.3818C10.4994 14.2451 10.3327 14.157 10.1452 14.157H6.76329C6.4431 14.157 6.18354 14.414 6.18354 14.731C6.18354 15.0479 6.4431 15.3049 6.76329 15.3049H10.1452C10.2478 15.3049 10.3441 15.2785 10.4277 15.2322L10.3126 16.8439L13.2345 20.2793H1.54601C0.69217 20.2793 0 19.5941 0 18.7488V1.53052ZM6.18354 5.5483C6.18354 5.23132 6.4431 4.97436 6.76329 4.97436H12.3676C12.6878 4.97436 12.9473 5.23132 12.9473 5.5483C12.9473 5.86528 12.6878 6.12224 12.3676 6.12224H6.76329C6.4431 6.12224 6.18354 5.86528 6.18354 5.5483ZM6.76329 11.0961C6.4431 11.0961 6.18354 11.3531 6.18354 11.6701C6.18354 11.987 6.4431 12.244 6.76329 12.244H12.3676C12.6878 12.244 12.9473 11.987 12.9473 11.6701C12.9473 11.3531 12.6878 11.0961 12.3676 11.0961H6.76329ZM6.18354 8.60985C6.18354 8.29287 6.4431 8.03591 6.76329 8.03591H12.3676C12.6878 8.03591 12.9473 8.29287 12.9473 8.60985C12.9473 8.92684 12.6878 9.1838 12.3676 9.1838H6.76329C6.4431 9.1838 6.18354 8.92684 6.18354 8.60985ZM3.67118 5.5483C3.67118 5.23132 3.93075 4.97436 4.25093 4.97436H4.63743C4.95762 4.97436 5.21719 5.23132 5.21719 5.5483C5.21719 5.86528 4.95762 6.12224 4.63743 6.12224H4.25093C3.93075 6.12224 3.67118 5.86528 3.67118 5.5483ZM4.25093 11.0961C3.93075 11.0961 3.67118 11.3531 3.67118 11.6701C3.67118 11.987 3.93075 12.244 4.25093 12.244H4.63743C4.95762 12.244 5.21719 11.987 5.21719 11.6701C5.21719 11.3531 4.95762 11.0961 4.63743 11.0961H4.25093ZM3.67118 8.60985C3.67118 8.29287 3.93075 8.03591 4.25093 8.03591H4.63743C4.95762 8.03591 5.21719 8.29287 5.21719 8.60985C5.21719 8.92684 4.95762 9.1838 4.63743 9.1838H4.25093C3.93075 9.1838 3.67118 8.92684 3.67118 8.60985ZM4.25093 14.157C3.93075 14.157 3.67118 14.414 3.67118 14.731C3.67118 15.0479 3.93075 15.3049 4.25093 15.3049H4.63743C4.95762 15.3049 5.21719 15.0479 5.21719 14.731C5.21719 14.414 4.95762 14.157 4.63743 14.157H4.25093Z" fill="#EB0203"></path>
                        <path fill-rule="evenodd" clip-rule="evenodd" d="M14.6252 13.6363C13.4918 12.6215 11.7817 12.5264 10.6569 13.4792C9.12421 14.7764 9.34841 16.8912 10.4409 18.0122L14.0159 21.6742C14.2197 21.8832 14.4928 22 14.7822 22C15.0737 22 15.3448 21.8852 15.5486 21.6762L19.1236 18.0142C20.214 16.8933 20.4423 14.7785 18.9075 13.4792C17.7827 12.5283 16.0724 12.6217 14.9391 13.6365C14.8855 13.6845 14.8331 13.7345 14.7822 13.7866C14.7313 13.7345 14.6789 13.6843 14.6252 13.6363ZM18.1546 14.3522C19.0973 15.1508 18.9962 16.4896 18.2891 17.2173C18.2888 17.2175 18.2886 17.2177 18.2884 17.218L14.7832 20.8084L11.2753 17.2151C11.2752 17.215 11.2751 17.2149 11.2749 17.2148C10.5677 16.4887 10.4678 15.1495 11.4104 14.3518L11.4108 14.3514C12.0745 13.7892 13.2018 13.82 13.9488 14.5846L14.7822 15.4378L15.6157 14.5846C16.3617 13.8211 17.4896 13.79 18.1545 14.3521" fill="#EB0203"></path>
                        </svg>
                        <svg class="inactive-content" width="100%" height="100%" viewBox="0 0 20 23" fill="none" xmlns="http://www.w3.org/2000/svg">
                        <path fill-rule="evenodd" clip-rule="evenodd" d="M6.18408 5.77914C6.18408 5.46223 6.44363 5.20532 6.7638 5.20532H12.3678C12.6879 5.20532 12.9475 5.46223 12.9475 5.77914C12.9475 6.09606 12.6879 6.35297 12.3678 6.35297H6.7638C6.44363 6.35297 6.18408 6.09606 6.18408 5.77914Z" fill="#EB0203"></path>
                        <path fill-rule="evenodd" clip-rule="evenodd" d="M6.18408 11.9034C6.18408 11.5865 6.44363 11.3296 6.7638 11.3296H12.3678C12.6879 11.3296 12.9475 11.5865 12.9475 11.9034C12.9475 12.2202 12.6879 12.4771 12.3678 12.4771H6.7638C6.44363 12.4771 6.18408 12.2202 6.18408 11.9034Z" fill="#EB0203"></path>
                        <path fill-rule="evenodd" clip-rule="evenodd" d="M6.18408 8.84116C6.18408 8.52424 6.44363 8.26733 6.7638 8.26733H12.3678C12.6879 8.26733 12.9475 8.52424 12.9475 8.84116C12.9475 9.15807 12.6879 9.41498 12.3678 9.41498H6.7638C6.44363 9.41498 6.18408 9.15807 6.18408 8.84116Z" fill="#EB0203"></path>
                        <path fill-rule="evenodd" clip-rule="evenodd" d="M6.18408 14.9655C6.18408 14.6486 6.44363 14.3917 6.7638 14.3917H10.1455C10.4657 14.3917 10.7252 14.6486 10.7252 14.9655C10.7252 15.2825 10.4657 15.5394 10.1455 15.5394H6.7638C6.44363 15.5394 6.18408 15.2825 6.18408 14.9655Z" fill="#EB0203"></path>
                        <path fill-rule="evenodd" clip-rule="evenodd" d="M3.67139 5.77914C3.67139 5.46223 3.93094 5.20532 4.25111 5.20532H4.63759C4.95776 5.20532 5.21731 5.46223 5.21731 5.77914C5.21731 6.09606 4.95776 6.35297 4.63759 6.35297H4.25111C3.93094 6.35297 3.67139 6.09606 3.67139 5.77914Z" fill="#EB0203"></path>
                        <path fill-rule="evenodd" clip-rule="evenodd" d="M3.67139 11.9034C3.67139 11.5865 3.93094 11.3296 4.25111 11.3296H4.63759C4.95776 11.3296 5.21731 11.5865 5.21731 11.9034C5.21731 12.2202 4.95776 12.4771 4.63759 12.4771H4.25111C3.93094 12.4771 3.67139 12.2202 3.67139 11.9034Z" fill="#EB0203"></path>
                        <path fill-rule="evenodd" clip-rule="evenodd" d="M3.67139 8.84116C3.67139 8.52424 3.93094 8.26733 4.25111 8.26733H4.63759C4.95776 8.26733 5.21731 8.52424 5.21731 8.84116C5.21731 9.15807 4.95776 9.41498 4.63759 9.41498H4.25111C3.93094 9.41498 3.67139 9.15807 3.67139 8.84116Z" fill="#EB0203"></path>
                        <path fill-rule="evenodd" clip-rule="evenodd" d="M3.67139 14.9655C3.67139 14.6486 3.93094 14.3917 4.25111 14.3917H4.63759C4.95776 14.3917 5.21731 14.6486 5.21731 14.9655C5.21731 15.2825 4.95776 15.5394 4.63759 15.5394H4.25111C3.93094 15.5394 3.67139 15.2825 3.67139 14.9655Z" fill="#EB0203"></path>
                        <path fill-rule="evenodd" clip-rule="evenodd" d="M0 1.76033C0 0.914738 0.692131 0.229248 1.54592 0.229248H15.0727C15.9265 0.229248 16.6186 0.914738 16.6186 1.76033V11.2818C16.6186 11.5989 16.3591 11.8559 16.0389 11.8559C15.7187 11.8559 15.4592 11.5989 15.4592 11.2818V1.76033C15.4592 1.54893 15.2862 1.37756 15.0727 1.37756H1.54592C1.33247 1.37756 1.15944 1.54893 1.15944 1.76033V18.985C1.15944 19.1964 1.33247 19.3678 1.54592 19.3678H9.27551C9.59568 19.3678 9.85523 19.6249 9.85523 19.942C9.85523 20.2591 9.59568 20.5161 9.27551 20.5161H1.54592C0.692131 20.5161 0 19.8306 0 18.985V1.76033Z" fill="#EB0203"></path>
                        <path fill-rule="evenodd" clip-rule="evenodd" d="M14.6254 13.8718C13.4921 12.8567 11.7821 12.7615 10.6574 13.7147C9.12472 15.0124 9.34891 17.128 10.4413 18.2493L14.0161 21.9126C14.2199 22.1217 14.493 22.2386 14.7824 22.2386C15.0739 22.2386 15.3449 22.1238 15.5487 21.9147L19.1235 18.2514C20.2139 17.13 20.4422 15.0144 18.9075 13.7147C17.7827 12.7634 16.0726 12.8569 14.9392 13.872C14.8856 13.92 14.8333 13.9701 14.7824 14.0222C14.7314 13.97 14.6791 13.9199 14.6254 13.8718ZM18.1546 14.588C19.0972 15.3869 18.9961 16.7262 18.2891 17.4541C18.2888 17.4543 18.2886 17.4546 18.2884 17.4548L14.7834 21.0466L11.2757 17.452C11.2756 17.4519 11.2755 17.4517 11.2753 17.4516C10.5681 16.7252 10.4682 15.3856 11.4108 14.5876L11.4112 14.5872C12.0748 14.0248 13.202 14.0556 13.949 14.8205L14.7824 15.674L15.6158 14.8205C16.3618 14.0567 17.4896 14.0256 18.1545 14.5879" fill="#EB0203"></path>
                        </svg>
                        </button>
                        </div>
                        <div class="col-sm-10 col-12">
                        <div class="ct-tile-quantity d-none" data-pid="7251550">
                        <input type="hidden" class="add-to-cart-url" value="https://www.continente.pt/on/demandware.store/Sites-continente-Site/default/Cart-AddProduct" tabindex="0">
                        <div class="d-none tile-delete-confirmation-btn" data-pid="7251550" data-delay-time="3000" data-in-cart-msg="no carrinho" data-one-product-added="Adicionado ao carrinho" data-remove-from-cart-msg="Removido do carrinho" data-stay-open="6000.0" data-confirmation-image="{&quot;url&quot;:&quot;https://www.continente.pt/dw/image/v2/BDVS_PRD/on/demandware.static/-/Sites-col-master-catalog/default/dw18c0df8a/images/col/725/7251550-frente.jpg?sw=87&amp;sh=80&quot;,&quot;fallbackimage&quot;:{&quot;url&quot;:&quot;https://www.continente.pt/dw/image/v2/BDVS_PRD/on/demandware.static/Sites-continente-Site/-/default/dw7c42b4da/images/noimagelarge_product.png?sw=87&amp;sh=80&quot;,&quot;title&quot;:&quot;Bolacha Chocolate Sabor Baunilha Tubo Original Halloween&quot;,&quot;alt&quot;:&quot;Bolacha Chocolate Sabor Baunilha Tubo Original Halloween&quot;},&quot;title&quot;:&quot;Bolacha Chocolate Sabor Baunilha Tubo Original Halloween&quot;,&quot;alt&quot;:&quot;Bolacha Chocolate Sabor Baunilha Tubo Original Halloween&quot;}"></div>
                        <div class="ct-tile-quantity-update quantity-update product-qty-vue" data-remove-action="https://www.continente.pt/on/demandware.store/Sites-continente-Site/default/Cart-RemoveProductLineItem" data-action="https://www.continente.pt/on/demandware.store/Sites-continente-Site/default/Cart-UpdateQuantity" data-dimension-update="https://www.continente.pt/on/demandware.store/Sites-continente-Site/default/Cart-DimensionUpdate" data-pid="7251550" data-uuid="390ffd5b2eedcac00339973c14" data-add-delay="500.0" data-measure-options="{&quot;hasConversionRate&quot;:false,&quot;hasAlternativeSaleUnit&quot;:false,&quot;unitConversionRate&quot;:null,&quot;minOrderQuantity&quot;:1,&quot;stepQuantity&quot;:1,&quot;primaryunit&quot;:&quot;un&quot;,&quot;secondaryunit&quot;:&quot;kg&quot;,&quot;selectedunit&quot;:&quot;primary&quot;,&quot;maxNumberOfUnitsPerSale&quot;:50}" data-price-available="null" :data-has-error="isMaxQtyReached || isMinQtyReached || qtySelectedMoreThanOne">
                        <template v-show="prodUnits">
                        <div class="quantity-input-wrapper has-units">
                        <label class="visually-hidden" :for="'quantity-' + pid + additionalTag">
                        Quantidade no carrinho
                        </label>
                        <input :ref="'quantityInput-' + pid + additionalTag" class="add-to-cart-quantity form-control ct-form-input text-center" inputmode="numeric" :class="{'is-invalid': isInvalid}" :data-pid="pid + additionalTag" :name="'quantity-' + pid + additionalTag" type="text" aria-label="Insira a quantidade" title="" v-model="displayValue" @change="updateQuantity" @focus="updateQtyFormat" @blur="restoreQtyFormat" :disabled="!isPriceAvailable">
                        <span class="quantity-icon quantity-icon--minus">
                        <button class="decrease-quantity-btn" @click="updateQuantity" :disabled="!isPriceAvailable" role="button" aria-label="Reduzir quantidade">
                        <i class="css-math-minus"></i>
                        </button>
                        </span>
                        <span class="quantity-icon quantity-icon--plus">
                        <button class="increase-quantity-btn" @click="updateQuantity" :disabled="isMaxQtyReached || !isPriceAvailable" role="button" aria-label="Aumentar quantidade">
                        <i class="css-math-plus"></i>
                        </button>
                        <span class="quantity-btn-disabled-placeholder"></span>
                        </span>
                        <template v-if="isPDP">
                        <span class="quantity-error ct-span-error text-sm-center product-max-allocation" v-if="isMaxQtyReached">
                        Quantidade máxima atingida
                        </span>
                        <span class="quantity-error ct-span-product text-sm-center product-allocation" v-if="!isMinQtyReached &amp;&amp; !isMaxQtyReached">
                        {{quantitySelected}} no carrinho
                        </span>
                        <span class="quantity-error ct-span-error text-sm-center product-min-allocation" :data-pid="pid" v-if="isMinQtyReached &amp;&amp; !isMaxQtyReached">
                        Quantidade mínima atingida
                        </span>
                        </template>
                        </div>
                        <template v-if="showNotes">
                        <div class="add-note-link-container ">
                        <div class="add-note">
                        <a href="/produto/bolacha-chocolate-sabor-baunilha-tubo-original-halloween-oreo-7251550.html?showNote=true" class="ct-add-note-redirect-pdp" aria-label="Adicionar comentário">
                        <span class="svg-wrapper svg-icon-notes" style="width:19px; height:20px">
                        <svg class="svg-inline icon-notes" viewBox="0 0 28 30" xmlns="http://www.w3.org/2000/svg" width="100%" height="100%"><path d="M21.738 0C22.985 0 24 1.04 24 2.319V12.47c0 .469-.37.848-.828.848-.457 0-.827-.38-.827-.848V2.32c0-.343-.273-.622-.607-.622H2.262c-.334 0-.607.279-.607.622V27.68c0 .343.273.622.607.622h7.81c.457 0 .827.38.827.849 0 .468-.37.848-.827.848h-7.81C1.015 30 0 28.96 0 27.681V2.32C0 1.04 1.015 0 2.262 0h19.476zm2.844 16.004l.227.007c.823.053 1.589.39 2.176.964.64.627.993 1.46.993 2.349 0 .888-.353 1.722-.993 2.348l-6.83 6.665c-.11.108-.247.186-.397.226l-5.032 1.363c-.078.021-.16.032-.241.032-.242 0-.478-.097-.647-.266-.23-.231-.314-.566-.218-.874l1.49-4.798c.044-.139.122-.266.227-.369l6.844-6.677c.64-.625 1.493-.97 2.401-.97zm-2.886 3.94l-4.922 4.802-.947 3.048 3.22-.872 4.897-4.78-2.248-2.197zm2.887-2.174c-.425 0-.824.162-1.124.455l-.484.472 2.248 2.197.484-.472c.62-.606.62-1.591 0-2.197l-.117-.104c-.283-.227-.636-.35-1.007-.35zm-10.839.022c.498 0 .904.396.904.883 0 .488-.406.884-.904.884H5.946c-.499 0-.904-.396-.904-.884 0-.487.405-.883.904-.883zm5.042-4.876c.498 0 .904.397.904.884s-.406.884-.904.884H5.946c-.499 0-.904-.397-.904-.884s.405-.884.904-.884zm0-4.875c.498 0 .904.396.904.884 0 .487-.406.883-.904.883H5.946c-.499 0-.904-.396-.904-.883 0-.488.405-.884.904-.884z" fill="#EB0203" fill-rule="evenodd"></path></svg>
                        </span>
                        <div class="available-note d-none"></div>
                        </a>
                        </div>
                        </div>
                        </template>
                        <div class="measurement-unit-section" v-if="isPriceAvailable &amp;&amp; prodUnits ? prodUnits.hasAlternativeUnit : false">
                        <div class="ct-form-radio" @click="setDimension">
                        <input type="radio" title="" class="ct-form-check-input product-measurement-unit" :data-type="prodUnits.selectedUnit == prodUnits.secondaryUnit ? 'primary' : ''" :id="prodUnits.secondaryUnit + '-' + pid + '-measurement-unit-ptile' + additionalTag" :name="'measurement-unit-' + pid + '-ptile' + additionalTag" :value="prodUnits.secondaryUnit" v-model="prodUnits.selectedUnit">
                        <label :class="prodUnits.secondaryUnit + '-label ct-form-check-label mb-0'" :for="prodUnits.secondaryUnit + '-' + pid + '-measurement-unit-ptile' + additionalTag">
                        {{prodUnits.secondaryUnit}}
                        </label>
                        <span class="checkmark"></span>
                        </div>
                        <div class="ct-form-radio" @click="setDimension">
                        <input type="radio" title="" class="ct-form-check-input product-measurement-unit" :data-type="prodUnits.selectedUnit == prodUnits.primaryUnit ? 'primary' : ''" :id="prodUnits.primaryUnit + '-' + pid + '-measurement-unit-ptile' + additionalTag" :name="'measurement-unit-' + pid + '-ptile' + additionalTag" :value="prodUnits.primaryUnit" v-model="prodUnits.selectedUnit">
                        <label :class="prodUnits.primaryUnit + '-label ct-form-check-label mb-0'" :for="prodUnits.primaryUnit + '-' + pid + '-measurement-unit-ptile' + additionalTag">
                        {{prodUnits.primaryUnit}}
                        </label>
                        <span class="checkmark"></span>
                        </div>
                        </div>
                        <template v-if="!isPDP &amp;&amp; isPriceAvailable">
                        <span class="quantity-error ct-span-error product-max-allocation" v-if="isMaxQtyReached">
                        Quantidade máxima atingida
                        </span>
                        <span class="quantity-error ct-span-product product-allocation" v-if="!isMinQtyReached &amp;&amp; !isMaxQtyReached">
                        {{quantitySelected}} no carrinho
                        </span>
                        <span class="quantity-error ct-span-error product-min-allocation" :data-pid="pid" v-if="isMinQtyReached &amp;&amp; !isMaxQtyReached">
                        Quantidade mínima atingida
                        </span>
                        </template>
                        </template>
                        </div>
                        <input class="quantity-value-mask d-none" name="quantity" type="number" min="0" value="" tabindex="0">
                        </div>
                        <button type="button" class="add-to-cart button js-add-to-cart js-add-to-cart-tile 7251550 button--primary dynamic-layout-btn" data-toggle="modal" data-target="#chooseBonusProductModal" data-pid="7251550" data-quantity-value="null" aria-label="Carrinho" tabindex="0">
                        <span class="d-block d-sm-none">
                        <span class="svg-wrapper svg-icon-cart" style="width:20px; height:20px">
                        <svg class="svg-inline icon-cart" xmlns="http://www.w3.org/2000/svg" viewBox="0 0 500 500" width="100%" height="100%"><path fill="#EB0203" fill-rule="evenodd" d="M 485.67317,94.386311 C 476.37798,83.847129 463.09468,78.03348 448.30404,78.03348 H 90.690813 L 87.079511,51.327997 C 83.185582,22.539551 62.962285,0 41.011841,0 H 14.727836 C 6.563151,0 0,6.5286975 0,14.580758 c 0,8.05206 6.5945535,14.580758 14.727836,14.580758 h 26.284005 c 4.710398,0 14.696435,9.855222 16.894619,26.021523 L 100.01739,368.0631 c 1.88416,13.77244 9.01256,26.70549 20.1605,36.37417 8.25889,7.15046 18.02511,11.9071 28.26237,13.89679 -4.17655,7.58572 -6.53175,16.25957 -6.53175,25.493 0,29.53459 24.27424,53.59751 54.13815,53.59751 29.8325,0 54.13814,-24.03184 54.13814,-53.59751 0,-8.79818 -2.19818,-17.09897 -5.9979,-24.43598 h 77.12488 c -3.79973,7.33701 -5.96652,15.6378 -5.96652,24.43598 0,29.53459 24.27424,53.59751 54.13817,53.59751 29.83249,0 54.13814,-24.03184 54.13814,-53.59751 0,-8.79818 -2.1982,-17.09897 -5.9979,-24.43598 h 38.56243 c 8.13328,0 14.72783,-6.5287 14.72783,-14.61183 0,-8.02098 -6.59455,-14.54967 -14.72783,-14.54967 H 159.24277 c -14.38241,0 -28.13677,-11.90711 -30.02092,-26.02153 l -3.07746,-22.88154 h 290.6314 c 14.03698,0 27.94834,-5.28513 39.06488,-14.95381 11.11652,-9.6376 18.27632,-22.57065 20.16048,-36.37417 l 21.10259,-156.78201 c 1.94694,-14.51858 -2.10398,-28.29103 -11.43057,-38.861299 z M 220.76053,443.82706 c 0,13.49265 -11.08513,24.46709 -24.68247,24.46709 -13.62874,0 -24.71387,-10.97444 -24.71387,-24.46709 0,-13.49262 11.08513,-24.43598 24.71387,-24.43598 13.59734,0 24.68247,10.94336 24.68247,24.43598 z m 173.43675,0 c 0,13.49265 -11.08512,24.46709 -24.68245,24.46709 -13.62876,0 -24.71388,-10.97444 -24.71388,-24.46709 0,-13.49262 11.08512,-24.43598 24.71388,-24.43598 13.59733,0 24.68245,10.94336 24.68245,24.43598 z m 73.7648,-314.46558 -21.13397,156.782 c -1.88416,14.11442 -15.63851,26.05261 -30.02091,26.05261 H 122.25046 L 94.616142,107.19499 H 448.33544 c 6.18632,0 11.61896,2.2695 15.23028,6.37326 3.64269,4.13484 5.21283,9.73086 4.39636,15.79323 z"></path></svg>
                        </span>
                        </span>
                        <span class="add-to-cart--text d-none d-sm-block">Carrinho</span>
                        </button>
                        </div>
                        </div>
                        </div>
                        </div>
                        
                        <div class="col-12 d-sm-none">
                        </div>
                        </div>
                        </div>
                        </div>
                        </div><div class="pd-tile-wrap slick-slide" data-idx="6" style="height: auto; width: 221px;" data-slick-index="5" aria-hidden="true" tabindex="-1" role="tabpanel" id="slick-slide15" aria-describedby="slick-slide-control11">
                        
                        <script type="text/javascript">//<!--
                        /* <![CDATA[ */
                        (function(){
                        try {
                            if(window.CQuotient) {
                                var cq_params = {};
                                cq_params.cookieId = window.CQuotient.getCQCookieId();
                                cq_params.userId = window.CQuotient.getCQUserId();
                                cq_params.emailId = CQuotient.getCQHashedEmail();
                                cq_params.loginId = CQuotient.getCQHashedLogin();
                                cq_params.accumulate = true;
                                cq_params.products = [{
                                    id: '7393886',
                                    sku: '',
                                    type: '',
                                    alt_id: ''
                                }];
                                cq_params.recommenderName = 'FOOD-MERCEARIA';
                                cq_params.realm = "BDVS";
                                cq_params.siteId = "continente";
                                cq_params.instanceType = "prd";
                                cq_params.locale = window.CQuotient.locale;
                                cq_params.slotId = 'col-category-product-recommendations';
                                cq_params.slotConfigId = 'FOOD Recommender Mercearia - Einstein';
                                cq_params.slotConfigTemplate = 'slots\/recommendation\/recommendedProductsCLP.isml';
                                if(window.CQuotient.sendActivity)
                                    window.CQuotient.sendActivity( CQuotient.clientId, 'viewReco', cq_params );
                                else
                                    window.CQuotient.activities.push( {activityType: 'viewReco', parameters: cq_params} );
                            }
                        } catch(err) {}
                        })();
                        /* ]]> */
                        // -->
                        </script>
                        <script type="text/javascript">//<!--
                        /* <![CDATA[ (viewProduct-active_data.js) */
                        dw.ac._capture({id: "7393886", type: "recommendation"});
                        /* ]]> */
                        // -->
                        </script>
                        <div class="product" data-pid="7393886">
                        <div class="product-tile pid-7393886   ct-product-tile " data-delay-time="3000" data-variants-mapping="[]" data-in-cart-msg="no carrinho" data-one-product-added="Adicionado ao carrinho" data-remove-from-cart-msg="Removido do carrinho" data-stay-open="6000.0" data-product-tile-impression="{&quot;name&quot;:&quot;7393886&quot;,&quot;id&quot;:&quot;7393886&quot;,&quot;price&quot;:5.59,&quot;brand&quot;:&quot;Estrelitas&quot;,&quot;category&quot;:[{&quot;category_level_1&quot;:&quot;Mercearia&quot;},{&quot;category_level_2&quot;:&quot;Cereais e Barras&quot;},{&quot;category_level_3&quot;:&quot;Cereais Infantis e Juvenis&quot;}],&quot;variant&quot;:&quot;&quot;}">
                        <div class="ct-inner-tile-wrap row no-gutters justify-content-center align-content-start">
                        
                        <div class="ct-image-container col-4 col-sm" data-confirmation-image="{&quot;url&quot;:&quot;https://www.continente.pt/dw/image/v2/BDVS_PRD/on/demandware.static/-/Sites-col-master-catalog/default/dw11b2cb1b/images/col/739/7393886-hero.jpg?sw=87&amp;sh=80&quot;,&quot;fallbackimage&quot;:{&quot;url&quot;:&quot;https://www.continente.pt/dw/image/v2/BDVS_PRD/on/demandware.static/Sites-continente-Site/-/default/dw7c42b4da/images/noimagelarge_product.png?sw=87&amp;sh=80&quot;,&quot;title&quot;:&quot;Cereais Estrelitas Mel&quot;,&quot;alt&quot;:&quot;Cereais Estrelitas Mel&quot;},&quot;title&quot;:&quot;Cereais Estrelitas Mel&quot;,&quot;alt&quot;:&quot;Cereais Estrelitas Mel&quot;}">
                        <a href="https://www.continente.pt/produto/cereais-estrelitas-mel-estrelitas-7393886.html?cgid=home" tabindex="-1">
                        <picture class="intrinsic intrinsic--square">
                        <img class="ct-tile-image lazyloaded" loading="lazy" onerror="this.onerror=null;this.src='/on/demandware.static/Sites-continente-Site/-/default/dw7c42b4da/images/noimagelarge_product.png';" data-src="https://www.continente.pt/dw/image/v2/BDVS_PRD/on/demandware.static/-/Sites-col-master-catalog/default/dw11b2cb1b/images/col/739/7393886-hero.jpg?sw=280&amp;sh=280" alt="Cereais Estrelitas Mel" title="Cereais Estrelitas Mel" src="https://www.continente.pt/dw/image/v2/BDVS_PRD/on/demandware.static/-/Sites-col-master-catalog/default/dw11b2cb1b/images/col/739/7393886-hero.jpg?sw=280&amp;sh=280">
                        </picture>
                        </a>
                        <div class=" ct-product-tile-badge ct-product-tile-badge--general">
                        <img class="img-fluid ct-tooltip-trigger lazyloaded" loading="lazy" data-src="https://www.continente.pt/dw/image/v2/BDVS_PRD/on/demandware.static/-/Sites-continente-Library/default/dw89ce697f/images/badges/general/col/Icon_Pub.png?sw=25&amp;sh=25" alt="Crachá do produto" title="Produto Patrocinado" data-toggle="tooltip" data-placement="right" src="https://www.continente.pt/dw/image/v2/BDVS_PRD/on/demandware.static/-/Sites-continente-Library/default/dw89ce697f/images/badges/general/col/Icon_Pub.png?sw=25&amp;sh=25">
                        </div>
                        <div class="color-swatches d-flex" style="margin-left: 5px;">
                        <div class="swatches d-flex">
                        </div>
                        </div>
                        </div>
                        <div class="ct-tile-body col col-sm-auto ">
                        <div class="ct-pdp-details">
                        <div class="ct-pdp-link">
                        <a class="ct-tile--description" href="https://www.continente.pt/produto/cereais-estrelitas-mel-estrelitas-7393886.html?cgid=home" tabindex="-1">Cereais Estrelitas Mel</a>
                        <div class="ct-tile--favorite-top d-sm-none">
                        <button class="wishlist-toggler guest-mode inactive button button--tertiary" data-pid="7393886" data-add-url="https://www.continente.pt/on/demandware.store/Sites-continente-Site/default/Wishlist-AddProduct?pid=7393886" data-toggle="tooltip" aria-label="Adicionar aos favoritos " data-original-title="Adicionar aos favoritos" data-placement="top" tabindex="-1">
                        <svg class="active-content" width="100%" height="100%" viewBox="0 0 20 22" fill="none" xmlns="http://www.w3.org/2000/svg">
                        <path fill-rule="evenodd" clip-rule="evenodd" d="M0 1.53052C0 0.685236 0.692171 0 1.54601 0H15.0736C15.9274 0 16.6196 0.685235 16.6196 1.53052V13.4064L15.8127 13.922L14.2658 14.2658L12.7189 13.4064L10.6054 14.3818C10.4994 14.2451 10.3327 14.157 10.1452 14.157H6.76329C6.4431 14.157 6.18354 14.414 6.18354 14.731C6.18354 15.0479 6.4431 15.3049 6.76329 15.3049H10.1452C10.2478 15.3049 10.3441 15.2785 10.4277 15.2322L10.3126 16.8439L13.2345 20.2793H1.54601C0.69217 20.2793 0 19.5941 0 18.7488V1.53052ZM6.18354 5.5483C6.18354 5.23132 6.4431 4.97436 6.76329 4.97436H12.3676C12.6878 4.97436 12.9473 5.23132 12.9473 5.5483C12.9473 5.86528 12.6878 6.12224 12.3676 6.12224H6.76329C6.4431 6.12224 6.18354 5.86528 6.18354 5.5483ZM6.76329 11.0961C6.4431 11.0961 6.18354 11.3531 6.18354 11.6701C6.18354 11.987 6.4431 12.244 6.76329 12.244H12.3676C12.6878 12.244 12.9473 11.987 12.9473 11.6701C12.9473 11.3531 12.6878 11.0961 12.3676 11.0961H6.76329ZM6.18354 8.60985C6.18354 8.29287 6.4431 8.03591 6.76329 8.03591H12.3676C12.6878 8.03591 12.9473 8.29287 12.9473 8.60985C12.9473 8.92684 12.6878 9.1838 12.3676 9.1838H6.76329C6.4431 9.1838 6.18354 8.92684 6.18354 8.60985ZM3.67118 5.5483C3.67118 5.23132 3.93075 4.97436 4.25093 4.97436H4.63743C4.95762 4.97436 5.21719 5.23132 5.21719 5.5483C5.21719 5.86528 4.95762 6.12224 4.63743 6.12224H4.25093C3.93075 6.12224 3.67118 5.86528 3.67118 5.5483ZM4.25093 11.0961C3.93075 11.0961 3.67118 11.3531 3.67118 11.6701C3.67118 11.987 3.93075 12.244 4.25093 12.244H4.63743C4.95762 12.244 5.21719 11.987 5.21719 11.6701C5.21719 11.3531 4.95762 11.0961 4.63743 11.0961H4.25093ZM3.67118 8.60985C3.67118 8.29287 3.93075 8.03591 4.25093 8.03591H4.63743C4.95762 8.03591 5.21719 8.29287 5.21719 8.60985C5.21719 8.92684 4.95762 9.1838 4.63743 9.1838H4.25093C3.93075 9.1838 3.67118 8.92684 3.67118 8.60985ZM4.25093 14.157C3.93075 14.157 3.67118 14.414 3.67118 14.731C3.67118 15.0479 3.93075 15.3049 4.25093 15.3049H4.63743C4.95762 15.3049 5.21719 15.0479 5.21719 14.731C5.21719 14.414 4.95762 14.157 4.63743 14.157H4.25093Z" fill="#EB0203"></path>
                        <path fill-rule="evenodd" clip-rule="evenodd" d="M14.6252 13.6363C13.4918 12.6215 11.7817 12.5264 10.6569 13.4792C9.12421 14.7764 9.34841 16.8912 10.4409 18.0122L14.0159 21.6742C14.2197 21.8832 14.4928 22 14.7822 22C15.0737 22 15.3448 21.8852 15.5486 21.6762L19.1236 18.0142C20.214 16.8933 20.4423 14.7785 18.9075 13.4792C17.7827 12.5283 16.0724 12.6217 14.9391 13.6365C14.8855 13.6845 14.8331 13.7345 14.7822 13.7866C14.7313 13.7345 14.6789 13.6843 14.6252 13.6363ZM18.1546 14.3522C19.0973 15.1508 18.9962 16.4896 18.2891 17.2173C18.2888 17.2175 18.2886 17.2177 18.2884 17.218L14.7832 20.8084L11.2753 17.2151C11.2752 17.215 11.2751 17.2149 11.2749 17.2148C10.5677 16.4887 10.4678 15.1495 11.4104 14.3518L11.4108 14.3514C12.0745 13.7892 13.2018 13.82 13.9488 14.5846L14.7822 15.4378L15.6157 14.5846C16.3617 13.8211 17.4896 13.79 18.1545 14.3521" fill="#EB0203"></path>
                        </svg>
                        <svg class="inactive-content" width="100%" height="100%" viewBox="0 0 20 23" fill="none" xmlns="http://www.w3.org/2000/svg">
                        <path fill-rule="evenodd" clip-rule="evenodd" d="M6.18408 5.77914C6.18408 5.46223 6.44363 5.20532 6.7638 5.20532H12.3678C12.6879 5.20532 12.9475 5.46223 12.9475 5.77914C12.9475 6.09606 12.6879 6.35297 12.3678 6.35297H6.7638C6.44363 6.35297 6.18408 6.09606 6.18408 5.77914Z" fill="#EB0203"></path>
                        <path fill-rule="evenodd" clip-rule="evenodd" d="M6.18408 11.9034C6.18408 11.5865 6.44363 11.3296 6.7638 11.3296H12.3678C12.6879 11.3296 12.9475 11.5865 12.9475 11.9034C12.9475 12.2202 12.6879 12.4771 12.3678 12.4771H6.7638C6.44363 12.4771 6.18408 12.2202 6.18408 11.9034Z" fill="#EB0203"></path>
                        <path fill-rule="evenodd" clip-rule="evenodd" d="M6.18408 8.84116C6.18408 8.52424 6.44363 8.26733 6.7638 8.26733H12.3678C12.6879 8.26733 12.9475 8.52424 12.9475 8.84116C12.9475 9.15807 12.6879 9.41498 12.3678 9.41498H6.7638C6.44363 9.41498 6.18408 9.15807 6.18408 8.84116Z" fill="#EB0203"></path>
                        <path fill-rule="evenodd" clip-rule="evenodd" d="M6.18408 14.9655C6.18408 14.6486 6.44363 14.3917 6.7638 14.3917H10.1455C10.4657 14.3917 10.7252 14.6486 10.7252 14.9655C10.7252 15.2825 10.4657 15.5394 10.1455 15.5394H6.7638C6.44363 15.5394 6.18408 15.2825 6.18408 14.9655Z" fill="#EB0203"></path>
                        <path fill-rule="evenodd" clip-rule="evenodd" d="M3.67139 5.77914C3.67139 5.46223 3.93094 5.20532 4.25111 5.20532H4.63759C4.95776 5.20532 5.21731 5.46223 5.21731 5.77914C5.21731 6.09606 4.95776 6.35297 4.63759 6.35297H4.25111C3.93094 6.35297 3.67139 6.09606 3.67139 5.77914Z" fill="#EB0203"></path>
                        <path fill-rule="evenodd" clip-rule="evenodd" d="M3.67139 11.9034C3.67139 11.5865 3.93094 11.3296 4.25111 11.3296H4.63759C4.95776 11.3296 5.21731 11.5865 5.21731 11.9034C5.21731 12.2202 4.95776 12.4771 4.63759 12.4771H4.25111C3.93094 12.4771 3.67139 12.2202 3.67139 11.9034Z" fill="#EB0203"></path>
                        <path fill-rule="evenodd" clip-rule="evenodd" d="M3.67139 8.84116C3.67139 8.52424 3.93094 8.26733 4.25111 8.26733H4.63759C4.95776 8.26733 5.21731 8.52424 5.21731 8.84116C5.21731 9.15807 4.95776 9.41498 4.63759 9.41498H4.25111C3.93094 9.41498 3.67139 9.15807 3.67139 8.84116Z" fill="#EB0203"></path>
                        <path fill-rule="evenodd" clip-rule="evenodd" d="M3.67139 14.9655C3.67139 14.6486 3.93094 14.3917 4.25111 14.3917H4.63759C4.95776 14.3917 5.21731 14.6486 5.21731 14.9655C5.21731 15.2825 4.95776 15.5394 4.63759 15.5394H4.25111C3.93094 15.5394 3.67139 15.2825 3.67139 14.9655Z" fill="#EB0203"></path>
                        <path fill-rule="evenodd" clip-rule="evenodd" d="M0 1.76033C0 0.914738 0.692131 0.229248 1.54592 0.229248H15.0727C15.9265 0.229248 16.6186 0.914738 16.6186 1.76033V11.2818C16.6186 11.5989 16.3591 11.8559 16.0389 11.8559C15.7187 11.8559 15.4592 11.5989 15.4592 11.2818V1.76033C15.4592 1.54893 15.2862 1.37756 15.0727 1.37756H1.54592C1.33247 1.37756 1.15944 1.54893 1.15944 1.76033V18.985C1.15944 19.1964 1.33247 19.3678 1.54592 19.3678H9.27551C9.59568 19.3678 9.85523 19.6249 9.85523 19.942C9.85523 20.2591 9.59568 20.5161 9.27551 20.5161H1.54592C0.692131 20.5161 0 19.8306 0 18.985V1.76033Z" fill="#EB0203"></path>
                        <path fill-rule="evenodd" clip-rule="evenodd" d="M14.6254 13.8718C13.4921 12.8567 11.7821 12.7615 10.6574 13.7147C9.12472 15.0124 9.34891 17.128 10.4413 18.2493L14.0161 21.9126C14.2199 22.1217 14.493 22.2386 14.7824 22.2386C15.0739 22.2386 15.3449 22.1238 15.5487 21.9147L19.1235 18.2514C20.2139 17.13 20.4422 15.0144 18.9075 13.7147C17.7827 12.7634 16.0726 12.8569 14.9392 13.872C14.8856 13.92 14.8333 13.9701 14.7824 14.0222C14.7314 13.97 14.6791 13.9199 14.6254 13.8718ZM18.1546 14.588C19.0972 15.3869 18.9961 16.7262 18.2891 17.4541C18.2888 17.4543 18.2886 17.4546 18.2884 17.4548L14.7834 21.0466L11.2757 17.452C11.2756 17.4519 11.2755 17.4517 11.2753 17.4516C10.5681 16.7252 10.4682 15.3856 11.4108 14.5876L11.4112 14.5872C12.0748 14.0248 13.202 14.0556 13.949 14.8205L14.7824 15.674L15.6158 14.8205C16.3618 14.0567 17.4896 14.0256 18.1545 14.5879" fill="#EB0203"></path>
                        </svg>
                        </button>
                        </div>
                        </div>
                        <p class="ct-tile--brand">Estrelitas</p>
                        <p class="ct-tile--quantity">emb. 750 gr</p>
                        </div>
                        <div class="ct-tile-bottom row no-gutters justify-content-between">
                        <div class="ct-price-wrap col-8 col-sm-12">
                        <div class="price js-product-price">
                        <div class="prices-wrapper">
                        <span class="sales ct-tile--price-primary ">
                        <span class="value" content="5.59">
                        
                        <span class="ct-price-formatted">
                        €5,59
                        </span>
                        <span class="ct-m-unit">
                        /un
                        </span>
                        </span>
                        </span>
                        </div>
                        <div class="ct-tile--price-secondary">
                        <span class="ct-price-value">
                        €7,45
                        </span>
                        <span class="ct-m-unit">
                        /kg
                        </span>
                        </div>
                        </div>
                        </div>
                        <div class="ct-tile-buy-section d-flex justify-content-center no-gutters col-auto col-sm-12">
                        <div class="col-2 d-sm-flex d-none">
                        <button class="wishlist-toggler guest-mode inactive button button--tertiary" data-pid="7393886" data-add-url="https://www.continente.pt/on/demandware.store/Sites-continente-Site/default/Wishlist-AddProduct?pid=7393886" data-toggle="tooltip" aria-label="Adicionar aos favoritos " data-original-title="Adicionar aos favoritos" data-placement="top" tabindex="-1">
                        <svg class="active-content" width="100%" height="100%" viewBox="0 0 20 22" fill="none" xmlns="http://www.w3.org/2000/svg">
                        <path fill-rule="evenodd" clip-rule="evenodd" d="M0 1.53052C0 0.685236 0.692171 0 1.54601 0H15.0736C15.9274 0 16.6196 0.685235 16.6196 1.53052V13.4064L15.8127 13.922L14.2658 14.2658L12.7189 13.4064L10.6054 14.3818C10.4994 14.2451 10.3327 14.157 10.1452 14.157H6.76329C6.4431 14.157 6.18354 14.414 6.18354 14.731C6.18354 15.0479 6.4431 15.3049 6.76329 15.3049H10.1452C10.2478 15.3049 10.3441 15.2785 10.4277 15.2322L10.3126 16.8439L13.2345 20.2793H1.54601C0.69217 20.2793 0 19.5941 0 18.7488V1.53052ZM6.18354 5.5483C6.18354 5.23132 6.4431 4.97436 6.76329 4.97436H12.3676C12.6878 4.97436 12.9473 5.23132 12.9473 5.5483C12.9473 5.86528 12.6878 6.12224 12.3676 6.12224H6.76329C6.4431 6.12224 6.18354 5.86528 6.18354 5.5483ZM6.76329 11.0961C6.4431 11.0961 6.18354 11.3531 6.18354 11.6701C6.18354 11.987 6.4431 12.244 6.76329 12.244H12.3676C12.6878 12.244 12.9473 11.987 12.9473 11.6701C12.9473 11.3531 12.6878 11.0961 12.3676 11.0961H6.76329ZM6.18354 8.60985C6.18354 8.29287 6.4431 8.03591 6.76329 8.03591H12.3676C12.6878 8.03591 12.9473 8.29287 12.9473 8.60985C12.9473 8.92684 12.6878 9.1838 12.3676 9.1838H6.76329C6.4431 9.1838 6.18354 8.92684 6.18354 8.60985ZM3.67118 5.5483C3.67118 5.23132 3.93075 4.97436 4.25093 4.97436H4.63743C4.95762 4.97436 5.21719 5.23132 5.21719 5.5483C5.21719 5.86528 4.95762 6.12224 4.63743 6.12224H4.25093C3.93075 6.12224 3.67118 5.86528 3.67118 5.5483ZM4.25093 11.0961C3.93075 11.0961 3.67118 11.3531 3.67118 11.6701C3.67118 11.987 3.93075 12.244 4.25093 12.244H4.63743C4.95762 12.244 5.21719 11.987 5.21719 11.6701C5.21719 11.3531 4.95762 11.0961 4.63743 11.0961H4.25093ZM3.67118 8.60985C3.67118 8.29287 3.93075 8.03591 4.25093 8.03591H4.63743C4.95762 8.03591 5.21719 8.29287 5.21719 8.60985C5.21719 8.92684 4.95762 9.1838 4.63743 9.1838H4.25093C3.93075 9.1838 3.67118 8.92684 3.67118 8.60985ZM4.25093 14.157C3.93075 14.157 3.67118 14.414 3.67118 14.731C3.67118 15.0479 3.93075 15.3049 4.25093 15.3049H4.63743C4.95762 15.3049 5.21719 15.0479 5.21719 14.731C5.21719 14.414 4.95762 14.157 4.63743 14.157H4.25093Z" fill="#EB0203"></path>
                        <path fill-rule="evenodd" clip-rule="evenodd" d="M14.6252 13.6363C13.4918 12.6215 11.7817 12.5264 10.6569 13.4792C9.12421 14.7764 9.34841 16.8912 10.4409 18.0122L14.0159 21.6742C14.2197 21.8832 14.4928 22 14.7822 22C15.0737 22 15.3448 21.8852 15.5486 21.6762L19.1236 18.0142C20.214 16.8933 20.4423 14.7785 18.9075 13.4792C17.7827 12.5283 16.0724 12.6217 14.9391 13.6365C14.8855 13.6845 14.8331 13.7345 14.7822 13.7866C14.7313 13.7345 14.6789 13.6843 14.6252 13.6363ZM18.1546 14.3522C19.0973 15.1508 18.9962 16.4896 18.2891 17.2173C18.2888 17.2175 18.2886 17.2177 18.2884 17.218L14.7832 20.8084L11.2753 17.2151C11.2752 17.215 11.2751 17.2149 11.2749 17.2148C10.5677 16.4887 10.4678 15.1495 11.4104 14.3518L11.4108 14.3514C12.0745 13.7892 13.2018 13.82 13.9488 14.5846L14.7822 15.4378L15.6157 14.5846C16.3617 13.8211 17.4896 13.79 18.1545 14.3521" fill="#EB0203"></path>
                        </svg>
                        <svg class="inactive-content" width="100%" height="100%" viewBox="0 0 20 23" fill="none" xmlns="http://www.w3.org/2000/svg">
                        <path fill-rule="evenodd" clip-rule="evenodd" d="M6.18408 5.77914C6.18408 5.46223 6.44363 5.20532 6.7638 5.20532H12.3678C12.6879 5.20532 12.9475 5.46223 12.9475 5.77914C12.9475 6.09606 12.6879 6.35297 12.3678 6.35297H6.7638C6.44363 6.35297 6.18408 6.09606 6.18408 5.77914Z" fill="#EB0203"></path>
                        <path fill-rule="evenodd" clip-rule="evenodd" d="M6.18408 11.9034C6.18408 11.5865 6.44363 11.3296 6.7638 11.3296H12.3678C12.6879 11.3296 12.9475 11.5865 12.9475 11.9034C12.9475 12.2202 12.6879 12.4771 12.3678 12.4771H6.7638C6.44363 12.4771 6.18408 12.2202 6.18408 11.9034Z" fill="#EB0203"></path>
                        <path fill-rule="evenodd" clip-rule="evenodd" d="M6.18408 8.84116C6.18408 8.52424 6.44363 8.26733 6.7638 8.26733H12.3678C12.6879 8.26733 12.9475 8.52424 12.9475 8.84116C12.9475 9.15807 12.6879 9.41498 12.3678 9.41498H6.7638C6.44363 9.41498 6.18408 9.15807 6.18408 8.84116Z" fill="#EB0203"></path>
                        <path fill-rule="evenodd" clip-rule="evenodd" d="M6.18408 14.9655C6.18408 14.6486 6.44363 14.3917 6.7638 14.3917H10.1455C10.4657 14.3917 10.7252 14.6486 10.7252 14.9655C10.7252 15.2825 10.4657 15.5394 10.1455 15.5394H6.7638C6.44363 15.5394 6.18408 15.2825 6.18408 14.9655Z" fill="#EB0203"></path>
                        <path fill-rule="evenodd" clip-rule="evenodd" d="M3.67139 5.77914C3.67139 5.46223 3.93094 5.20532 4.25111 5.20532H4.63759C4.95776 5.20532 5.21731 5.46223 5.21731 5.77914C5.21731 6.09606 4.95776 6.35297 4.63759 6.35297H4.25111C3.93094 6.35297 3.67139 6.09606 3.67139 5.77914Z" fill="#EB0203"></path>
                        <path fill-rule="evenodd" clip-rule="evenodd" d="M3.67139 11.9034C3.67139 11.5865 3.93094 11.3296 4.25111 11.3296H4.63759C4.95776 11.3296 5.21731 11.5865 5.21731 11.9034C5.21731 12.2202 4.95776 12.4771 4.63759 12.4771H4.25111C3.93094 12.4771 3.67139 12.2202 3.67139 11.9034Z" fill="#EB0203"></path>
                        <path fill-rule="evenodd" clip-rule="evenodd" d="M3.67139 8.84116C3.67139 8.52424 3.93094 8.26733 4.25111 8.26733H4.63759C4.95776 8.26733 5.21731 8.52424 5.21731 8.84116C5.21731 9.15807 4.95776 9.41498 4.63759 9.41498H4.25111C3.93094 9.41498 3.67139 9.15807 3.67139 8.84116Z" fill="#EB0203"></path>
                        <path fill-rule="evenodd" clip-rule="evenodd" d="M3.67139 14.9655C3.67139 14.6486 3.93094 14.3917 4.25111 14.3917H4.63759C4.95776 14.3917 5.21731 14.6486 5.21731 14.9655C5.21731 15.2825 4.95776 15.5394 4.63759 15.5394H4.25111C3.93094 15.5394 3.67139 15.2825 3.67139 14.9655Z" fill="#EB0203"></path>
                        <path fill-rule="evenodd" clip-rule="evenodd" d="M0 1.76033C0 0.914738 0.692131 0.229248 1.54592 0.229248H15.0727C15.9265 0.229248 16.6186 0.914738 16.6186 1.76033V11.2818C16.6186 11.5989 16.3591 11.8559 16.0389 11.8559C15.7187 11.8559 15.4592 11.5989 15.4592 11.2818V1.76033C15.4592 1.54893 15.2862 1.37756 15.0727 1.37756H1.54592C1.33247 1.37756 1.15944 1.54893 1.15944 1.76033V18.985C1.15944 19.1964 1.33247 19.3678 1.54592 19.3678H9.27551C9.59568 19.3678 9.85523 19.6249 9.85523 19.942C9.85523 20.2591 9.59568 20.5161 9.27551 20.5161H1.54592C0.692131 20.5161 0 19.8306 0 18.985V1.76033Z" fill="#EB0203"></path>
                        <path fill-rule="evenodd" clip-rule="evenodd" d="M14.6254 13.8718C13.4921 12.8567 11.7821 12.7615 10.6574 13.7147C9.12472 15.0124 9.34891 17.128 10.4413 18.2493L14.0161 21.9126C14.2199 22.1217 14.493 22.2386 14.7824 22.2386C15.0739 22.2386 15.3449 22.1238 15.5487 21.9147L19.1235 18.2514C20.2139 17.13 20.4422 15.0144 18.9075 13.7147C17.7827 12.7634 16.0726 12.8569 14.9392 13.872C14.8856 13.92 14.8333 13.9701 14.7824 14.0222C14.7314 13.97 14.6791 13.9199 14.6254 13.8718ZM18.1546 14.588C19.0972 15.3869 18.9961 16.7262 18.2891 17.4541C18.2888 17.4543 18.2886 17.4546 18.2884 17.4548L14.7834 21.0466L11.2757 17.452C11.2756 17.4519 11.2755 17.4517 11.2753 17.4516C10.5681 16.7252 10.4682 15.3856 11.4108 14.5876L11.4112 14.5872C12.0748 14.0248 13.202 14.0556 13.949 14.8205L14.7824 15.674L15.6158 14.8205C16.3618 14.0567 17.4896 14.0256 18.1545 14.5879" fill="#EB0203"></path>
                        </svg>
                        </button>
                        </div>
                        <div class="col-sm-10 col-12">
                        <div class="ct-tile-quantity d-none" data-pid="7393886">
                        <input type="hidden" class="add-to-cart-url" value="https://www.continente.pt/on/demandware.store/Sites-continente-Site/default/Cart-AddProduct" tabindex="-1">
                        <div class="d-none tile-delete-confirmation-btn" data-pid="7393886" data-delay-time="3000" data-in-cart-msg="no carrinho" data-one-product-added="Adicionado ao carrinho" data-remove-from-cart-msg="Removido do carrinho" data-stay-open="6000.0" data-confirmation-image="{&quot;url&quot;:&quot;https://www.continente.pt/dw/image/v2/BDVS_PRD/on/demandware.static/-/Sites-col-master-catalog/default/dw11b2cb1b/images/col/739/7393886-hero.jpg?sw=87&amp;sh=80&quot;,&quot;fallbackimage&quot;:{&quot;url&quot;:&quot;https://www.continente.pt/dw/image/v2/BDVS_PRD/on/demandware.static/Sites-continente-Site/-/default/dw7c42b4da/images/noimagelarge_product.png?sw=87&amp;sh=80&quot;,&quot;title&quot;:&quot;Cereais Estrelitas Mel&quot;,&quot;alt&quot;:&quot;Cereais Estrelitas Mel&quot;},&quot;title&quot;:&quot;Cereais Estrelitas Mel&quot;,&quot;alt&quot;:&quot;Cereais Estrelitas Mel&quot;}"></div>
                        <div class="ct-tile-quantity-update quantity-update product-qty-vue" data-remove-action="https://www.continente.pt/on/demandware.store/Sites-continente-Site/default/Cart-RemoveProductLineItem" data-action="https://www.continente.pt/on/demandware.store/Sites-continente-Site/default/Cart-UpdateQuantity" data-dimension-update="https://www.continente.pt/on/demandware.store/Sites-continente-Site/default/Cart-DimensionUpdate" data-pid="7393886" data-uuid="091cc0287b3408d67146a59a46" data-add-delay="500.0" data-measure-options="{&quot;hasConversionRate&quot;:false,&quot;hasAlternativeSaleUnit&quot;:false,&quot;unitConversionRate&quot;:0,&quot;minOrderQuantity&quot;:1,&quot;stepQuantity&quot;:1,&quot;primaryunit&quot;:&quot;un&quot;,&quot;secondaryunit&quot;:&quot;kg&quot;,&quot;selectedunit&quot;:&quot;primary&quot;,&quot;maxNumberOfUnitsPerSale&quot;:50}" data-price-available="null" :data-has-error="isMaxQtyReached || isMinQtyReached || qtySelectedMoreThanOne">
                        <template v-show="prodUnits">
                        <div class="quantity-input-wrapper has-units">
                        <label class="visually-hidden" :for="'quantity-' + pid + additionalTag">
                        Quantidade no carrinho
                        </label>
                        <input :ref="'quantityInput-' + pid + additionalTag" class="add-to-cart-quantity form-control ct-form-input text-center" inputmode="numeric" :class="{'is-invalid': isInvalid}" :data-pid="pid + additionalTag" :name="'quantity-' + pid + additionalTag" type="text" aria-label="Insira a quantidade" title="" v-model="displayValue" @change="updateQuantity" @focus="updateQtyFormat" @blur="restoreQtyFormat" :disabled="!isPriceAvailable">
                        <span class="quantity-icon quantity-icon--minus">
                        <button class="decrease-quantity-btn" @click="updateQuantity" :disabled="!isPriceAvailable" role="button" aria-label="Reduzir quantidade">
                        <i class="css-math-minus"></i>
                        </button>
                        </span>
                        <span class="quantity-icon quantity-icon--plus">
                        <button class="increase-quantity-btn" @click="updateQuantity" :disabled="isMaxQtyReached || !isPriceAvailable" role="button" aria-label="Aumentar quantidade">
                        <i class="css-math-plus"></i>
                        </button>
                        <span class="quantity-btn-disabled-placeholder"></span>
                        </span>
                        <template v-if="isPDP">
                        <span class="quantity-error ct-span-error text-sm-center product-max-allocation" v-if="isMaxQtyReached">
                        Quantidade máxima atingida
                        </span>
                        <span class="quantity-error ct-span-product text-sm-center product-allocation" v-if="!isMinQtyReached &amp;&amp; !isMaxQtyReached">
                        {{quantitySelected}} no carrinho
                        </span>
                        <span class="quantity-error ct-span-error text-sm-center product-min-allocation" :data-pid="pid" v-if="isMinQtyReached &amp;&amp; !isMaxQtyReached">
                        Quantidade mínima atingida
                        </span>
                        </template>
                        </div>
                        <template v-if="showNotes">
                        <div class="add-note-link-container ">
                        <div class="add-note">
                        <a href="/produto/cereais-estrelitas-mel-estrelitas-7393886.html?showNote=true" class="ct-add-note-redirect-pdp" aria-label="Adicionar comentário">
                        <span class="svg-wrapper svg-icon-notes" style="width:19px; height:20px">
                        <svg class="svg-inline icon-notes" viewBox="0 0 28 30" xmlns="http://www.w3.org/2000/svg" width="100%" height="100%"><path d="M21.738 0C22.985 0 24 1.04 24 2.319V12.47c0 .469-.37.848-.828.848-.457 0-.827-.38-.827-.848V2.32c0-.343-.273-.622-.607-.622H2.262c-.334 0-.607.279-.607.622V27.68c0 .343.273.622.607.622h7.81c.457 0 .827.38.827.849 0 .468-.37.848-.827.848h-7.81C1.015 30 0 28.96 0 27.681V2.32C0 1.04 1.015 0 2.262 0h19.476zm2.844 16.004l.227.007c.823.053 1.589.39 2.176.964.64.627.993 1.46.993 2.349 0 .888-.353 1.722-.993 2.348l-6.83 6.665c-.11.108-.247.186-.397.226l-5.032 1.363c-.078.021-.16.032-.241.032-.242 0-.478-.097-.647-.266-.23-.231-.314-.566-.218-.874l1.49-4.798c.044-.139.122-.266.227-.369l6.844-6.677c.64-.625 1.493-.97 2.401-.97zm-2.886 3.94l-4.922 4.802-.947 3.048 3.22-.872 4.897-4.78-2.248-2.197zm2.887-2.174c-.425 0-.824.162-1.124.455l-.484.472 2.248 2.197.484-.472c.62-.606.62-1.591 0-2.197l-.117-.104c-.283-.227-.636-.35-1.007-.35zm-10.839.022c.498 0 .904.396.904.883 0 .488-.406.884-.904.884H5.946c-.499 0-.904-.396-.904-.884 0-.487.405-.883.904-.883zm5.042-4.876c.498 0 .904.397.904.884s-.406.884-.904.884H5.946c-.499 0-.904-.397-.904-.884s.405-.884.904-.884zm0-4.875c.498 0 .904.396.904.884 0 .487-.406.883-.904.883H5.946c-.499 0-.904-.396-.904-.883 0-.488.405-.884.904-.884z" fill="#EB0203" fill-rule="evenodd"></path></svg>
                        </span>
                        <div class="available-note d-none"></div>
                        </a>
                        </div>
                        </div>
                        </template>
                        <div class="measurement-unit-section" v-if="isPriceAvailable &amp;&amp; prodUnits ? prodUnits.hasAlternativeUnit : false">
                        <div class="ct-form-radio" @click="setDimension">
                        <input type="radio" title="" class="ct-form-check-input product-measurement-unit" :data-type="prodUnits.selectedUnit == prodUnits.secondaryUnit ? 'primary' : ''" :id="prodUnits.secondaryUnit + '-' + pid + '-measurement-unit-ptile' + additionalTag" :name="'measurement-unit-' + pid + '-ptile' + additionalTag" :value="prodUnits.secondaryUnit" v-model="prodUnits.selectedUnit">
                        <label :class="prodUnits.secondaryUnit + '-label ct-form-check-label mb-0'" :for="prodUnits.secondaryUnit + '-' + pid + '-measurement-unit-ptile' + additionalTag">
                        {{prodUnits.secondaryUnit}}
                        </label>
                        <span class="checkmark"></span>
                        </div>
                        <div class="ct-form-radio" @click="setDimension">
                        <input type="radio" title="" class="ct-form-check-input product-measurement-unit" :data-type="prodUnits.selectedUnit == prodUnits.primaryUnit ? 'primary' : ''" :id="prodUnits.primaryUnit + '-' + pid + '-measurement-unit-ptile' + additionalTag" :name="'measurement-unit-' + pid + '-ptile' + additionalTag" :value="prodUnits.primaryUnit" v-model="prodUnits.selectedUnit">
                        <label :class="prodUnits.primaryUnit + '-label ct-form-check-label mb-0'" :for="prodUnits.primaryUnit + '-' + pid + '-measurement-unit-ptile' + additionalTag">
                        {{prodUnits.primaryUnit}}
                        </label>
                        <span class="checkmark"></span>
                        </div>
                        </div>
                        <template v-if="!isPDP &amp;&amp; isPriceAvailable">
                        <span class="quantity-error ct-span-error product-max-allocation" v-if="isMaxQtyReached">
                        Quantidade máxima atingida
                        </span>
                        <span class="quantity-error ct-span-product product-allocation" v-if="!isMinQtyReached &amp;&amp; !isMaxQtyReached">
                        {{quantitySelected}} no carrinho
                        </span>
                        <span class="quantity-error ct-span-error product-min-allocation" :data-pid="pid" v-if="isMinQtyReached &amp;&amp; !isMaxQtyReached">
                        Quantidade mínima atingida
                        </span>
                        </template>
                        </template>
                        </div>
                        <input class="quantity-value-mask d-none" name="quantity" type="number" min="0" value="" tabindex="-1">
                        </div>
                        <button type="button" class="add-to-cart button js-add-to-cart js-add-to-cart-tile 7393886 button--primary dynamic-layout-btn" data-toggle="modal" data-target="#chooseBonusProductModal" data-pid="7393886" data-quantity-value="null" aria-label="Carrinho" tabindex="-1">
                        <span class="d-block d-sm-none">
                        <span class="svg-wrapper svg-icon-cart" style="width:20px; height:20px">
                        <svg class="svg-inline icon-cart" xmlns="http://www.w3.org/2000/svg" viewBox="0 0 500 500" width="100%" height="100%"><path fill="#EB0203" fill-rule="evenodd" d="M 485.67317,94.386311 C 476.37798,83.847129 463.09468,78.03348 448.30404,78.03348 H 90.690813 L 87.079511,51.327997 C 83.185582,22.539551 62.962285,0 41.011841,0 H 14.727836 C 6.563151,0 0,6.5286975 0,14.580758 c 0,8.05206 6.5945535,14.580758 14.727836,14.580758 h 26.284005 c 4.710398,0 14.696435,9.855222 16.894619,26.021523 L 100.01739,368.0631 c 1.88416,13.77244 9.01256,26.70549 20.1605,36.37417 8.25889,7.15046 18.02511,11.9071 28.26237,13.89679 -4.17655,7.58572 -6.53175,16.25957 -6.53175,25.493 0,29.53459 24.27424,53.59751 54.13815,53.59751 29.8325,0 54.13814,-24.03184 54.13814,-53.59751 0,-8.79818 -2.19818,-17.09897 -5.9979,-24.43598 h 77.12488 c -3.79973,7.33701 -5.96652,15.6378 -5.96652,24.43598 0,29.53459 24.27424,53.59751 54.13817,53.59751 29.83249,0 54.13814,-24.03184 54.13814,-53.59751 0,-8.79818 -2.1982,-17.09897 -5.9979,-24.43598 h 38.56243 c 8.13328,0 14.72783,-6.5287 14.72783,-14.61183 0,-8.02098 -6.59455,-14.54967 -14.72783,-14.54967 H 159.24277 c -14.38241,0 -28.13677,-11.90711 -30.02092,-26.02153 l -3.07746,-22.88154 h 290.6314 c 14.03698,0 27.94834,-5.28513 39.06488,-14.95381 11.11652,-9.6376 18.27632,-22.57065 20.16048,-36.37417 l 21.10259,-156.78201 c 1.94694,-14.51858 -2.10398,-28.29103 -11.43057,-38.861299 z M 220.76053,443.82706 c 0,13.49265 -11.08513,24.46709 -24.68247,24.46709 -13.62874,0 -24.71387,-10.97444 -24.71387,-24.46709 0,-13.49262 11.08513,-24.43598 24.71387,-24.43598 13.59734,0 24.68247,10.94336 24.68247,24.43598 z m 173.43675,0 c 0,13.49265 -11.08512,24.46709 -24.68245,24.46709 -13.62876,0 -24.71388,-10.97444 -24.71388,-24.46709 0,-13.49262 11.08512,-24.43598 24.71388,-24.43598 13.59733,0 24.68245,10.94336 24.68245,24.43598 z m 73.7648,-314.46558 -21.13397,156.782 c -1.88416,14.11442 -15.63851,26.05261 -30.02091,26.05261 H 122.25046 L 94.616142,107.19499 H 448.33544 c 6.18632,0 11.61896,2.2695 15.23028,6.37326 3.64269,4.13484 5.21283,9.73086 4.39636,15.79323 z"></path></svg>
                        </span>
                        </span>
                        <span class="add-to-cart--text d-none d-sm-block">Carrinho</span>
                        </button>
                        </div>
                        </div>
                        </div>
                        </div>
                        
                        <div class="col-12 d-sm-none">
                        </div>
                        </div>
                        </div>
                        </div>
                        </div><div class="pd-tile-wrap slick-slide" data-idx="7" style="height: auto; width: 221px;" data-slick-index="6" aria-hidden="true" tabindex="-1" role="tabpanel" id="slick-slide16">
                        
                        <script type="text/javascript">//<!--
                        /* <![CDATA[ */
                        (function(){
                        try {
                            if(window.CQuotient) {
                                var cq_params = {};
                                cq_params.cookieId = window.CQuotient.getCQCookieId();
                                cq_params.userId = window.CQuotient.getCQUserId();
                                cq_params.emailId = CQuotient.getCQHashedEmail();
                                cq_params.loginId = CQuotient.getCQHashedLogin();
                                cq_params.accumulate = true;
                                cq_params.products = [{
                                    id: '2308516',
                                    sku: '',
                                    type: '',
                                    alt_id: ''
                                }];
                                cq_params.recommenderName = 'FOOD-MERCEARIA';
                                cq_params.realm = "BDVS";
                                cq_params.siteId = "continente";
                                cq_params.instanceType = "prd";
                                cq_params.locale = window.CQuotient.locale;
                                cq_params.slotId = 'col-category-product-recommendations';
                                cq_params.slotConfigId = 'FOOD Recommender Mercearia - Einstein';
                                cq_params.slotConfigTemplate = 'slots\/recommendation\/recommendedProductsCLP.isml';
                                if(window.CQuotient.sendActivity)
                                    window.CQuotient.sendActivity( CQuotient.clientId, 'viewReco', cq_params );
                                else
                                    window.CQuotient.activities.push( {activityType: 'viewReco', parameters: cq_params} );
                            }
                        } catch(err) {}
                        })();
                        /* ]]> */
                        // -->
                        </script>
                        <script type="text/javascript">//<!--
                        /* <![CDATA[ (viewProduct-active_data.js) */
                        dw.ac._capture({id: "2308516", type: "recommendation"});
                        /* ]]> */
                        // -->
                        </script>
                        <div class="product" data-pid="2308516">
                        <div class="product-tile pid-2308516   ct-product-tile " data-delay-time="3000" data-variants-mapping="[]" data-in-cart-msg="no carrinho" data-one-product-added="Adicionado ao carrinho" data-remove-from-cart-msg="Removido do carrinho" data-stay-open="6000.0" data-product-tile-impression="{&quot;name&quot;:&quot;2308516&quot;,&quot;id&quot;:&quot;2308516&quot;,&quot;price&quot;:4.09,&quot;brand&quot;:&quot;Kelloggs&quot;,&quot;category&quot;:[{&quot;category_level_1&quot;:&quot;Mercearia&quot;},{&quot;category_level_2&quot;:&quot;Cereais e Barras&quot;},{&quot;category_level_3&quot;:&quot;Cereais Linha e Fibra&quot;}],&quot;variant&quot;:&quot;&quot;}">
                        <div class="ct-inner-tile-wrap row no-gutters justify-content-center align-content-start">
                        <div class="ct-product-tile-badge ct-product-tile-badge--promotional">
                        <img class="img-fluid lazyloaded" loading="lazy" data-src="https://www.continente.pt/dw/image/v2/BDVS_PRD/on/demandware.static/-/Sites-continente-Library/default/dwf5980f2e/images/badges/pvpr/col/pvpr.png?sw=60&amp;sh=42" alt="PVP Recomendado: €6,35/un" title="PVP Recomendado: €6,35/un" src="https://www.continente.pt/dw/image/v2/BDVS_PRD/on/demandware.static/-/Sites-continente-Library/default/dwf5980f2e/images/badges/pvpr/col/pvpr.png?sw=60&amp;sh=42">
                        <div class="ct-product-tile-badge-value-wrapper ct-product-tile-badge-value-wrapper--pvpr  ">
                        <span class="ct-product-tile-badge-value--pvpr">
                        35
                        </span>
                        <span class="ct-product-tile-badge-value--pvpr-quantifier ">
                        %
                        </span>
                        </div>
                        </div>
                        
                        <div class="ct-image-container col-4 col-sm" data-confirmation-image="{&quot;url&quot;:&quot;https://www.continente.pt/dw/image/v2/BDVS_PRD/on/demandware.static/-/Sites-col-master-catalog/default/dw3a47a1ad/images/col/230/2308516-direito.jpg?sw=87&amp;sh=80&quot;,&quot;fallbackimage&quot;:{&quot;url&quot;:&quot;https://www.continente.pt/dw/image/v2/BDVS_PRD/on/demandware.static/Sites-continente-Site/-/default/dw7c42b4da/images/noimagelarge_product.png?sw=87&amp;sh=80&quot;,&quot;title&quot;:&quot;Cereais Special K&quot;,&quot;alt&quot;:&quot;Cereais Special K&quot;},&quot;title&quot;:&quot;Cereais Special K&quot;,&quot;alt&quot;:&quot;Cereais Special K&quot;}">
                        <a href="https://www.continente.pt/produto/cereais-special-k-kelloggs-2308516.html?cgid=home" tabindex="-1">
                        <picture class="intrinsic intrinsic--square">
                        <img class="ct-tile-image lazyloaded" loading="lazy" onerror="this.onerror=null;this.src='/on/demandware.static/Sites-continente-Site/-/default/dw7c42b4da/images/noimagelarge_product.png';" data-src="https://www.continente.pt/dw/image/v2/BDVS_PRD/on/demandware.static/-/Sites-col-master-catalog/default/dw3a47a1ad/images/col/230/2308516-direito.jpg?sw=280&amp;sh=280" alt="Cereais Special K" title="Cereais Special K" src="https://www.continente.pt/dw/image/v2/BDVS_PRD/on/demandware.static/-/Sites-col-master-catalog/default/dw3a47a1ad/images/col/230/2308516-direito.jpg?sw=280&amp;sh=280">
                        </picture>
                        </a>
                        <div class="color-swatches d-flex" style="margin-left: 5px;">
                        <div class="swatches d-flex">
                        </div>
                        </div>
                        </div>
                        <div class="ct-tile-body col col-sm-auto ">
                        <div class="ct-pdp-details">
                        <div class="ct-pdp-link">
                        <a class="ct-tile--description" href="https://www.continente.pt/produto/cereais-special-k-kelloggs-2308516.html?cgid=home" tabindex="-1">Cereais Special K</a>
                        <div class="ct-tile--favorite-top d-sm-none">
                        <button class="wishlist-toggler guest-mode inactive button button--tertiary" data-pid="2308516" data-add-url="https://www.continente.pt/on/demandware.store/Sites-continente-Site/default/Wishlist-AddProduct?pid=2308516" data-toggle="tooltip" aria-label="Adicionar aos favoritos " data-original-title="Adicionar aos favoritos" data-placement="top" tabindex="-1">
                        <svg class="active-content" width="100%" height="100%" viewBox="0 0 20 22" fill="none" xmlns="http://www.w3.org/2000/svg">
                        <path fill-rule="evenodd" clip-rule="evenodd" d="M0 1.53052C0 0.685236 0.692171 0 1.54601 0H15.0736C15.9274 0 16.6196 0.685235 16.6196 1.53052V13.4064L15.8127 13.922L14.2658 14.2658L12.7189 13.4064L10.6054 14.3818C10.4994 14.2451 10.3327 14.157 10.1452 14.157H6.76329C6.4431 14.157 6.18354 14.414 6.18354 14.731C6.18354 15.0479 6.4431 15.3049 6.76329 15.3049H10.1452C10.2478 15.3049 10.3441 15.2785 10.4277 15.2322L10.3126 16.8439L13.2345 20.2793H1.54601C0.69217 20.2793 0 19.5941 0 18.7488V1.53052ZM6.18354 5.5483C6.18354 5.23132 6.4431 4.97436 6.76329 4.97436H12.3676C12.6878 4.97436 12.9473 5.23132 12.9473 5.5483C12.9473 5.86528 12.6878 6.12224 12.3676 6.12224H6.76329C6.4431 6.12224 6.18354 5.86528 6.18354 5.5483ZM6.76329 11.0961C6.4431 11.0961 6.18354 11.3531 6.18354 11.6701C6.18354 11.987 6.4431 12.244 6.76329 12.244H12.3676C12.6878 12.244 12.9473 11.987 12.9473 11.6701C12.9473 11.3531 12.6878 11.0961 12.3676 11.0961H6.76329ZM6.18354 8.60985C6.18354 8.29287 6.4431 8.03591 6.76329 8.03591H12.3676C12.6878 8.03591 12.9473 8.29287 12.9473 8.60985C12.9473 8.92684 12.6878 9.1838 12.3676 9.1838H6.76329C6.4431 9.1838 6.18354 8.92684 6.18354 8.60985ZM3.67118 5.5483C3.67118 5.23132 3.93075 4.97436 4.25093 4.97436H4.63743C4.95762 4.97436 5.21719 5.23132 5.21719 5.5483C5.21719 5.86528 4.95762 6.12224 4.63743 6.12224H4.25093C3.93075 6.12224 3.67118 5.86528 3.67118 5.5483ZM4.25093 11.0961C3.93075 11.0961 3.67118 11.3531 3.67118 11.6701C3.67118 11.987 3.93075 12.244 4.25093 12.244H4.63743C4.95762 12.244 5.21719 11.987 5.21719 11.6701C5.21719 11.3531 4.95762 11.0961 4.63743 11.0961H4.25093ZM3.67118 8.60985C3.67118 8.29287 3.93075 8.03591 4.25093 8.03591H4.63743C4.95762 8.03591 5.21719 8.29287 5.21719 8.60985C5.21719 8.92684 4.95762 9.1838 4.63743 9.1838H4.25093C3.93075 9.1838 3.67118 8.92684 3.67118 8.60985ZM4.25093 14.157C3.93075 14.157 3.67118 14.414 3.67118 14.731C3.67118 15.0479 3.93075 15.3049 4.25093 15.3049H4.63743C4.95762 15.3049 5.21719 15.0479 5.21719 14.731C5.21719 14.414 4.95762 14.157 4.63743 14.157H4.25093Z" fill="#EB0203"></path>
                        <path fill-rule="evenodd" clip-rule="evenodd" d="M14.6252 13.6363C13.4918 12.6215 11.7817 12.5264 10.6569 13.4792C9.12421 14.7764 9.34841 16.8912 10.4409 18.0122L14.0159 21.6742C14.2197 21.8832 14.4928 22 14.7822 22C15.0737 22 15.3448 21.8852 15.5486 21.6762L19.1236 18.0142C20.214 16.8933 20.4423 14.7785 18.9075 13.4792C17.7827 12.5283 16.0724 12.6217 14.9391 13.6365C14.8855 13.6845 14.8331 13.7345 14.7822 13.7866C14.7313 13.7345 14.6789 13.6843 14.6252 13.6363ZM18.1546 14.3522C19.0973 15.1508 18.9962 16.4896 18.2891 17.2173C18.2888 17.2175 18.2886 17.2177 18.2884 17.218L14.7832 20.8084L11.2753 17.2151C11.2752 17.215 11.2751 17.2149 11.2749 17.2148C10.5677 16.4887 10.4678 15.1495 11.4104 14.3518L11.4108 14.3514C12.0745 13.7892 13.2018 13.82 13.9488 14.5846L14.7822 15.4378L15.6157 14.5846C16.3617 13.8211 17.4896 13.79 18.1545 14.3521" fill="#EB0203"></path>
                        </svg>
                        <svg class="inactive-content" width="100%" height="100%" viewBox="0 0 20 23" fill="none" xmlns="http://www.w3.org/2000/svg">
                        <path fill-rule="evenodd" clip-rule="evenodd" d="M6.18408 5.77914C6.18408 5.46223 6.44363 5.20532 6.7638 5.20532H12.3678C12.6879 5.20532 12.9475 5.46223 12.9475 5.77914C12.9475 6.09606 12.6879 6.35297 12.3678 6.35297H6.7638C6.44363 6.35297 6.18408 6.09606 6.18408 5.77914Z" fill="#EB0203"></path>
                        <path fill-rule="evenodd" clip-rule="evenodd" d="M6.18408 11.9034C6.18408 11.5865 6.44363 11.3296 6.7638 11.3296H12.3678C12.6879 11.3296 12.9475 11.5865 12.9475 11.9034C12.9475 12.2202 12.6879 12.4771 12.3678 12.4771H6.7638C6.44363 12.4771 6.18408 12.2202 6.18408 11.9034Z" fill="#EB0203"></path>
                        <path fill-rule="evenodd" clip-rule="evenodd" d="M6.18408 8.84116C6.18408 8.52424 6.44363 8.26733 6.7638 8.26733H12.3678C12.6879 8.26733 12.9475 8.52424 12.9475 8.84116C12.9475 9.15807 12.6879 9.41498 12.3678 9.41498H6.7638C6.44363 9.41498 6.18408 9.15807 6.18408 8.84116Z" fill="#EB0203"></path>
                        <path fill-rule="evenodd" clip-rule="evenodd" d="M6.18408 14.9655C6.18408 14.6486 6.44363 14.3917 6.7638 14.3917H10.1455C10.4657 14.3917 10.7252 14.6486 10.7252 14.9655C10.7252 15.2825 10.4657 15.5394 10.1455 15.5394H6.7638C6.44363 15.5394 6.18408 15.2825 6.18408 14.9655Z" fill="#EB0203"></path>
                        <path fill-rule="evenodd" clip-rule="evenodd" d="M3.67139 5.77914C3.67139 5.46223 3.93094 5.20532 4.25111 5.20532H4.63759C4.95776 5.20532 5.21731 5.46223 5.21731 5.77914C5.21731 6.09606 4.95776 6.35297 4.63759 6.35297H4.25111C3.93094 6.35297 3.67139 6.09606 3.67139 5.77914Z" fill="#EB0203"></path>
                        <path fill-rule="evenodd" clip-rule="evenodd" d="M3.67139 11.9034C3.67139 11.5865 3.93094 11.3296 4.25111 11.3296H4.63759C4.95776 11.3296 5.21731 11.5865 5.21731 11.9034C5.21731 12.2202 4.95776 12.4771 4.63759 12.4771H4.25111C3.93094 12.4771 3.67139 12.2202 3.67139 11.9034Z" fill="#EB0203"></path>
                        <path fill-rule="evenodd" clip-rule="evenodd" d="M3.67139 8.84116C3.67139 8.52424 3.93094 8.26733 4.25111 8.26733H4.63759C4.95776 8.26733 5.21731 8.52424 5.21731 8.84116C5.21731 9.15807 4.95776 9.41498 4.63759 9.41498H4.25111C3.93094 9.41498 3.67139 9.15807 3.67139 8.84116Z" fill="#EB0203"></path>
                        <path fill-rule="evenodd" clip-rule="evenodd" d="M3.67139 14.9655C3.67139 14.6486 3.93094 14.3917 4.25111 14.3917H4.63759C4.95776 14.3917 5.21731 14.6486 5.21731 14.9655C5.21731 15.2825 4.95776 15.5394 4.63759 15.5394H4.25111C3.93094 15.5394 3.67139 15.2825 3.67139 14.9655Z" fill="#EB0203"></path>
                        <path fill-rule="evenodd" clip-rule="evenodd" d="M0 1.76033C0 0.914738 0.692131 0.229248 1.54592 0.229248H15.0727C15.9265 0.229248 16.6186 0.914738 16.6186 1.76033V11.2818C16.6186 11.5989 16.3591 11.8559 16.0389 11.8559C15.7187 11.8559 15.4592 11.5989 15.4592 11.2818V1.76033C15.4592 1.54893 15.2862 1.37756 15.0727 1.37756H1.54592C1.33247 1.37756 1.15944 1.54893 1.15944 1.76033V18.985C1.15944 19.1964 1.33247 19.3678 1.54592 19.3678H9.27551C9.59568 19.3678 9.85523 19.6249 9.85523 19.942C9.85523 20.2591 9.59568 20.5161 9.27551 20.5161H1.54592C0.692131 20.5161 0 19.8306 0 18.985V1.76033Z" fill="#EB0203"></path>
                        <path fill-rule="evenodd" clip-rule="evenodd" d="M14.6254 13.8718C13.4921 12.8567 11.7821 12.7615 10.6574 13.7147C9.12472 15.0124 9.34891 17.128 10.4413 18.2493L14.0161 21.9126C14.2199 22.1217 14.493 22.2386 14.7824 22.2386C15.0739 22.2386 15.3449 22.1238 15.5487 21.9147L19.1235 18.2514C20.2139 17.13 20.4422 15.0144 18.9075 13.7147C17.7827 12.7634 16.0726 12.8569 14.9392 13.872C14.8856 13.92 14.8333 13.9701 14.7824 14.0222C14.7314 13.97 14.6791 13.9199 14.6254 13.8718ZM18.1546 14.588C19.0972 15.3869 18.9961 16.7262 18.2891 17.4541C18.2888 17.4543 18.2886 17.4546 18.2884 17.4548L14.7834 21.0466L11.2757 17.452C11.2756 17.4519 11.2755 17.4517 11.2753 17.4516C10.5681 16.7252 10.4682 15.3856 11.4108 14.5876L11.4112 14.5872C12.0748 14.0248 13.202 14.0556 13.949 14.8205L14.7824 15.674L15.6158 14.8205C16.3618 14.0567 17.4896 14.0256 18.1545 14.5879" fill="#EB0203"></path>
                        </svg>
                        </button>
                        </div>
                        </div>
                        <p class="ct-tile--brand">Kellogg's</p>
                        <p class="ct-tile--quantity">emb. 750 gr</p>
                        </div>
                        <div class="ct-tile-bottom row no-gutters justify-content-between">
                        <div class="ct-price-wrap col-8 col-sm-12">
                        <div class="price js-product-price">
                        <div class="prices-wrapper">
                        <span class="sales ct-tile--price-primary ">
                        <span class="value" content="4.09">
                        <span class="ct-price-formatted">
                        €4,09
                        </span>
                        <span class="ct-m-unit">
                        /un
                        </span>
                        </span>
                        </span>
                        </div>
                        <div class="ct-tile--price-secondary">
                        <span class="ct-price-value">
                        €5,45
                        </span>
                        <span class="ct-m-unit">
                        /kg
                        </span>
                        </div>
                        <p class="ct-discount-amount ct-discount-amount-pvpr">PVP Recomendado: €6,35/un</p>
                        </div>
                        </div>
                        <div class="ct-tile-buy-section d-flex justify-content-center no-gutters col-auto col-sm-12">
                        <div class="col-2 d-sm-flex d-none">
                        <button class="wishlist-toggler guest-mode inactive button button--tertiary" data-pid="2308516" data-add-url="https://www.continente.pt/on/demandware.store/Sites-continente-Site/default/Wishlist-AddProduct?pid=2308516" data-toggle="tooltip" aria-label="Adicionar aos favoritos " data-original-title="Adicionar aos favoritos" data-placement="top" tabindex="-1">
                        <svg class="active-content" width="100%" height="100%" viewBox="0 0 20 22" fill="none" xmlns="http://www.w3.org/2000/svg">
                        <path fill-rule="evenodd" clip-rule="evenodd" d="M0 1.53052C0 0.685236 0.692171 0 1.54601 0H15.0736C15.9274 0 16.6196 0.685235 16.6196 1.53052V13.4064L15.8127 13.922L14.2658 14.2658L12.7189 13.4064L10.6054 14.3818C10.4994 14.2451 10.3327 14.157 10.1452 14.157H6.76329C6.4431 14.157 6.18354 14.414 6.18354 14.731C6.18354 15.0479 6.4431 15.3049 6.76329 15.3049H10.1452C10.2478 15.3049 10.3441 15.2785 10.4277 15.2322L10.3126 16.8439L13.2345 20.2793H1.54601C0.69217 20.2793 0 19.5941 0 18.7488V1.53052ZM6.18354 5.5483C6.18354 5.23132 6.4431 4.97436 6.76329 4.97436H12.3676C12.6878 4.97436 12.9473 5.23132 12.9473 5.5483C12.9473 5.86528 12.6878 6.12224 12.3676 6.12224H6.76329C6.4431 6.12224 6.18354 5.86528 6.18354 5.5483ZM6.76329 11.0961C6.4431 11.0961 6.18354 11.3531 6.18354 11.6701C6.18354 11.987 6.4431 12.244 6.76329 12.244H12.3676C12.6878 12.244 12.9473 11.987 12.9473 11.6701C12.9473 11.3531 12.6878 11.0961 12.3676 11.0961H6.76329ZM6.18354 8.60985C6.18354 8.29287 6.4431 8.03591 6.76329 8.03591H12.3676C12.6878 8.03591 12.9473 8.29287 12.9473 8.60985C12.9473 8.92684 12.6878 9.1838 12.3676 9.1838H6.76329C6.4431 9.1838 6.18354 8.92684 6.18354 8.60985ZM3.67118 5.5483C3.67118 5.23132 3.93075 4.97436 4.25093 4.97436H4.63743C4.95762 4.97436 5.21719 5.23132 5.21719 5.5483C5.21719 5.86528 4.95762 6.12224 4.63743 6.12224H4.25093C3.93075 6.12224 3.67118 5.86528 3.67118 5.5483ZM4.25093 11.0961C3.93075 11.0961 3.67118 11.3531 3.67118 11.6701C3.67118 11.987 3.93075 12.244 4.25093 12.244H4.63743C4.95762 12.244 5.21719 11.987 5.21719 11.6701C5.21719 11.3531 4.95762 11.0961 4.63743 11.0961H4.25093ZM3.67118 8.60985C3.67118 8.29287 3.93075 8.03591 4.25093 8.03591H4.63743C4.95762 8.03591 5.21719 8.29287 5.21719 8.60985C5.21719 8.92684 4.95762 9.1838 4.63743 9.1838H4.25093C3.93075 9.1838 3.67118 8.92684 3.67118 8.60985ZM4.25093 14.157C3.93075 14.157 3.67118 14.414 3.67118 14.731C3.67118 15.0479 3.93075 15.3049 4.25093 15.3049H4.63743C4.95762 15.3049 5.21719 15.0479 5.21719 14.731C5.21719 14.414 4.95762 14.157 4.63743 14.157H4.25093Z" fill="#EB0203"></path>
                        <path fill-rule="evenodd" clip-rule="evenodd" d="M14.6252 13.6363C13.4918 12.6215 11.7817 12.5264 10.6569 13.4792C9.12421 14.7764 9.34841 16.8912 10.4409 18.0122L14.0159 21.6742C14.2197 21.8832 14.4928 22 14.7822 22C15.0737 22 15.3448 21.8852 15.5486 21.6762L19.1236 18.0142C20.214 16.8933 20.4423 14.7785 18.9075 13.4792C17.7827 12.5283 16.0724 12.6217 14.9391 13.6365C14.8855 13.6845 14.8331 13.7345 14.7822 13.7866C14.7313 13.7345 14.6789 13.6843 14.6252 13.6363ZM18.1546 14.3522C19.0973 15.1508 18.9962 16.4896 18.2891 17.2173C18.2888 17.2175 18.2886 17.2177 18.2884 17.218L14.7832 20.8084L11.2753 17.2151C11.2752 17.215 11.2751 17.2149 11.2749 17.2148C10.5677 16.4887 10.4678 15.1495 11.4104 14.3518L11.4108 14.3514C12.0745 13.7892 13.2018 13.82 13.9488 14.5846L14.7822 15.4378L15.6157 14.5846C16.3617 13.8211 17.4896 13.79 18.1545 14.3521" fill="#EB0203"></path>
                        </svg>
                        <svg class="inactive-content" width="100%" height="100%" viewBox="0 0 20 23" fill="none" xmlns="http://www.w3.org/2000/svg">
                        <path fill-rule="evenodd" clip-rule="evenodd" d="M6.18408 5.77914C6.18408 5.46223 6.44363 5.20532 6.7638 5.20532H12.3678C12.6879 5.20532 12.9475 5.46223 12.9475 5.77914C12.9475 6.09606 12.6879 6.35297 12.3678 6.35297H6.7638C6.44363 6.35297 6.18408 6.09606 6.18408 5.77914Z" fill="#EB0203"></path>
                        <path fill-rule="evenodd" clip-rule="evenodd" d="M6.18408 11.9034C6.18408 11.5865 6.44363 11.3296 6.7638 11.3296H12.3678C12.6879 11.3296 12.9475 11.5865 12.9475 11.9034C12.9475 12.2202 12.6879 12.4771 12.3678 12.4771H6.7638C6.44363 12.4771 6.18408 12.2202 6.18408 11.9034Z" fill="#EB0203"></path>
                        <path fill-rule="evenodd" clip-rule="evenodd" d="M6.18408 8.84116C6.18408 8.52424 6.44363 8.26733 6.7638 8.26733H12.3678C12.6879 8.26733 12.9475 8.52424 12.9475 8.84116C12.9475 9.15807 12.6879 9.41498 12.3678 9.41498H6.7638C6.44363 9.41498 6.18408 9.15807 6.18408 8.84116Z" fill="#EB0203"></path>
                        <path fill-rule="evenodd" clip-rule="evenodd" d="M6.18408 14.9655C6.18408 14.6486 6.44363 14.3917 6.7638 14.3917H10.1455C10.4657 14.3917 10.7252 14.6486 10.7252 14.9655C10.7252 15.2825 10.4657 15.5394 10.1455 15.5394H6.7638C6.44363 15.5394 6.18408 15.2825 6.18408 14.9655Z" fill="#EB0203"></path>
                        <path fill-rule="evenodd" clip-rule="evenodd" d="M3.67139 5.77914C3.67139 5.46223 3.93094 5.20532 4.25111 5.20532H4.63759C4.95776 5.20532 5.21731 5.46223 5.21731 5.77914C5.21731 6.09606 4.95776 6.35297 4.63759 6.35297H4.25111C3.93094 6.35297 3.67139 6.09606 3.67139 5.77914Z" fill="#EB0203"></path>
                        <path fill-rule="evenodd" clip-rule="evenodd" d="M3.67139 11.9034C3.67139 11.5865 3.93094 11.3296 4.25111 11.3296H4.63759C4.95776 11.3296 5.21731 11.5865 5.21731 11.9034C5.21731 12.2202 4.95776 12.4771 4.63759 12.4771H4.25111C3.93094 12.4771 3.67139 12.2202 3.67139 11.9034Z" fill="#EB0203"></path>
                        <path fill-rule="evenodd" clip-rule="evenodd" d="M3.67139 8.84116C3.67139 8.52424 3.93094 8.26733 4.25111 8.26733H4.63759C4.95776 8.26733 5.21731 8.52424 5.21731 8.84116C5.21731 9.15807 4.95776 9.41498 4.63759 9.41498H4.25111C3.93094 9.41498 3.67139 9.15807 3.67139 8.84116Z" fill="#EB0203"></path>
                        <path fill-rule="evenodd" clip-rule="evenodd" d="M3.67139 14.9655C3.67139 14.6486 3.93094 14.3917 4.25111 14.3917H4.63759C4.95776 14.3917 5.21731 14.6486 5.21731 14.9655C5.21731 15.2825 4.95776 15.5394 4.63759 15.5394H4.25111C3.93094 15.5394 3.67139 15.2825 3.67139 14.9655Z" fill="#EB0203"></path>
                        <path fill-rule="evenodd" clip-rule="evenodd" d="M0 1.76033C0 0.914738 0.692131 0.229248 1.54592 0.229248H15.0727C15.9265 0.229248 16.6186 0.914738 16.6186 1.76033V11.2818C16.6186 11.5989 16.3591 11.8559 16.0389 11.8559C15.7187 11.8559 15.4592 11.5989 15.4592 11.2818V1.76033C15.4592 1.54893 15.2862 1.37756 15.0727 1.37756H1.54592C1.33247 1.37756 1.15944 1.54893 1.15944 1.76033V18.985C1.15944 19.1964 1.33247 19.3678 1.54592 19.3678H9.27551C9.59568 19.3678 9.85523 19.6249 9.85523 19.942C9.85523 20.2591 9.59568 20.5161 9.27551 20.5161H1.54592C0.692131 20.5161 0 19.8306 0 18.985V1.76033Z" fill="#EB0203"></path>
                        <path fill-rule="evenodd" clip-rule="evenodd" d="M14.6254 13.8718C13.4921 12.8567 11.7821 12.7615 10.6574 13.7147C9.12472 15.0124 9.34891 17.128 10.4413 18.2493L14.0161 21.9126C14.2199 22.1217 14.493 22.2386 14.7824 22.2386C15.0739 22.2386 15.3449 22.1238 15.5487 21.9147L19.1235 18.2514C20.2139 17.13 20.4422 15.0144 18.9075 13.7147C17.7827 12.7634 16.0726 12.8569 14.9392 13.872C14.8856 13.92 14.8333 13.9701 14.7824 14.0222C14.7314 13.97 14.6791 13.9199 14.6254 13.8718ZM18.1546 14.588C19.0972 15.3869 18.9961 16.7262 18.2891 17.4541C18.2888 17.4543 18.2886 17.4546 18.2884 17.4548L14.7834 21.0466L11.2757 17.452C11.2756 17.4519 11.2755 17.4517 11.2753 17.4516C10.5681 16.7252 10.4682 15.3856 11.4108 14.5876L11.4112 14.5872C12.0748 14.0248 13.202 14.0556 13.949 14.8205L14.7824 15.674L15.6158 14.8205C16.3618 14.0567 17.4896 14.0256 18.1545 14.5879" fill="#EB0203"></path>
                        </svg>
                        </button>
                        </div>
                        <div class="col-sm-10 col-12">
                        <div class="ct-tile-quantity d-none" data-pid="2308516">
                        <input type="hidden" class="add-to-cart-url" value="https://www.continente.pt/on/demandware.store/Sites-continente-Site/default/Cart-AddProduct" tabindex="-1">
                        <div class="d-none tile-delete-confirmation-btn" data-pid="2308516" data-delay-time="3000" data-in-cart-msg="no carrinho" data-one-product-added="Adicionado ao carrinho" data-remove-from-cart-msg="Removido do carrinho" data-stay-open="6000.0" data-confirmation-image="{&quot;url&quot;:&quot;https://www.continente.pt/dw/image/v2/BDVS_PRD/on/demandware.static/-/Sites-col-master-catalog/default/dw3a47a1ad/images/col/230/2308516-direito.jpg?sw=87&amp;sh=80&quot;,&quot;fallbackimage&quot;:{&quot;url&quot;:&quot;https://www.continente.pt/dw/image/v2/BDVS_PRD/on/demandware.static/Sites-continente-Site/-/default/dw7c42b4da/images/noimagelarge_product.png?sw=87&amp;sh=80&quot;,&quot;title&quot;:&quot;Cereais Special K&quot;,&quot;alt&quot;:&quot;Cereais Special K&quot;},&quot;title&quot;:&quot;Cereais Special K&quot;,&quot;alt&quot;:&quot;Cereais Special K&quot;}"></div>
                        <div class="ct-tile-quantity-update quantity-update product-qty-vue" data-remove-action="https://www.continente.pt/on/demandware.store/Sites-continente-Site/default/Cart-RemoveProductLineItem" data-action="https://www.continente.pt/on/demandware.store/Sites-continente-Site/default/Cart-UpdateQuantity" data-dimension-update="https://www.continente.pt/on/demandware.store/Sites-continente-Site/default/Cart-DimensionUpdate" data-pid="2308516" data-uuid="b08fdf781097d0dddb513f60cb" data-add-delay="500.0" data-measure-options="{&quot;hasConversionRate&quot;:false,&quot;hasAlternativeSaleUnit&quot;:false,&quot;unitConversionRate&quot;:0,&quot;minOrderQuantity&quot;:1,&quot;stepQuantity&quot;:1,&quot;primaryunit&quot;:&quot;un&quot;,&quot;secondaryunit&quot;:&quot;kg&quot;,&quot;selectedunit&quot;:&quot;primary&quot;,&quot;maxNumberOfUnitsPerSale&quot;:50}" data-price-available="null" :data-has-error="isMaxQtyReached || isMinQtyReached || qtySelectedMoreThanOne">
                        <template v-show="prodUnits">
                        <div class="quantity-input-wrapper has-units">
                        <label class="visually-hidden" :for="'quantity-' + pid + additionalTag">
                        Quantidade no carrinho
                        </label>
                        <input :ref="'quantityInput-' + pid + additionalTag" class="add-to-cart-quantity form-control ct-form-input text-center" inputmode="numeric" :class="{'is-invalid': isInvalid}" :data-pid="pid + additionalTag" :name="'quantity-' + pid + additionalTag" type="text" aria-label="Insira a quantidade" title="" v-model="displayValue" @change="updateQuantity" @focus="updateQtyFormat" @blur="restoreQtyFormat" :disabled="!isPriceAvailable">
                        <span class="quantity-icon quantity-icon--minus">
                        <button class="decrease-quantity-btn" @click="updateQuantity" :disabled="!isPriceAvailable" role="button" aria-label="Reduzir quantidade">
                        <i class="css-math-minus"></i>
                        </button>
                        </span>
                        <span class="quantity-icon quantity-icon--plus">
                        <button class="increase-quantity-btn" @click="updateQuantity" :disabled="isMaxQtyReached || !isPriceAvailable" role="button" aria-label="Aumentar quantidade">
                        <i class="css-math-plus"></i>
                        </button>
                        <span class="quantity-btn-disabled-placeholder"></span>
                        </span>
                        <template v-if="isPDP">
                        <span class="quantity-error ct-span-error text-sm-center product-max-allocation" v-if="isMaxQtyReached">
                        Quantidade máxima atingida
                        </span>
                        <span class="quantity-error ct-span-product text-sm-center product-allocation" v-if="!isMinQtyReached &amp;&amp; !isMaxQtyReached">
                        {{quantitySelected}} no carrinho
                        </span>
                        <span class="quantity-error ct-span-error text-sm-center product-min-allocation" :data-pid="pid" v-if="isMinQtyReached &amp;&amp; !isMaxQtyReached">
                        Quantidade mínima atingida
                        </span>
                        </template>
                        </div>
                        <template v-if="showNotes">
                        <div class="add-note-link-container ">
                        <div class="add-note">
                        <a href="/produto/cereais-special-k-kelloggs-2308516.html?showNote=true" class="ct-add-note-redirect-pdp" aria-label="Adicionar comentário">
                        <span class="svg-wrapper svg-icon-notes" style="width:19px; height:20px">
                        <svg class="svg-inline icon-notes" viewBox="0 0 28 30" xmlns="http://www.w3.org/2000/svg" width="100%" height="100%"><path d="M21.738 0C22.985 0 24 1.04 24 2.319V12.47c0 .469-.37.848-.828.848-.457 0-.827-.38-.827-.848V2.32c0-.343-.273-.622-.607-.622H2.262c-.334 0-.607.279-.607.622V27.68c0 .343.273.622.607.622h7.81c.457 0 .827.38.827.849 0 .468-.37.848-.827.848h-7.81C1.015 30 0 28.96 0 27.681V2.32C0 1.04 1.015 0 2.262 0h19.476zm2.844 16.004l.227.007c.823.053 1.589.39 2.176.964.64.627.993 1.46.993 2.349 0 .888-.353 1.722-.993 2.348l-6.83 6.665c-.11.108-.247.186-.397.226l-5.032 1.363c-.078.021-.16.032-.241.032-.242 0-.478-.097-.647-.266-.23-.231-.314-.566-.218-.874l1.49-4.798c.044-.139.122-.266.227-.369l6.844-6.677c.64-.625 1.493-.97 2.401-.97zm-2.886 3.94l-4.922 4.802-.947 3.048 3.22-.872 4.897-4.78-2.248-2.197zm2.887-2.174c-.425 0-.824.162-1.124.455l-.484.472 2.248 2.197.484-.472c.62-.606.62-1.591 0-2.197l-.117-.104c-.283-.227-.636-.35-1.007-.35zm-10.839.022c.498 0 .904.396.904.883 0 .488-.406.884-.904.884H5.946c-.499 0-.904-.396-.904-.884 0-.487.405-.883.904-.883zm5.042-4.876c.498 0 .904.397.904.884s-.406.884-.904.884H5.946c-.499 0-.904-.397-.904-.884s.405-.884.904-.884zm0-4.875c.498 0 .904.396.904.884 0 .487-.406.883-.904.883H5.946c-.499 0-.904-.396-.904-.883 0-.488.405-.884.904-.884z" fill="#EB0203" fill-rule="evenodd"></path></svg>
                        </span>
                        <div class="available-note d-none"></div>
                        </a>
                        </div>
                        </div>
                        </template>
                        <div class="measurement-unit-section" v-if="isPriceAvailable &amp;&amp; prodUnits ? prodUnits.hasAlternativeUnit : false">
                        <div class="ct-form-radio" @click="setDimension">
                        <input type="radio" title="" class="ct-form-check-input product-measurement-unit" :data-type="prodUnits.selectedUnit == prodUnits.secondaryUnit ? 'primary' : ''" :id="prodUnits.secondaryUnit + '-' + pid + '-measurement-unit-ptile' + additionalTag" :name="'measurement-unit-' + pid + '-ptile' + additionalTag" :value="prodUnits.secondaryUnit" v-model="prodUnits.selectedUnit">
                        <label :class="prodUnits.secondaryUnit + '-label ct-form-check-label mb-0'" :for="prodUnits.secondaryUnit + '-' + pid + '-measurement-unit-ptile' + additionalTag">
                        {{prodUnits.secondaryUnit}}
                        </label>
                        <span class="checkmark"></span>
                        </div>
                        <div class="ct-form-radio" @click="setDimension">
                        <input type="radio" title="" class="ct-form-check-input product-measurement-unit" :data-type="prodUnits.selectedUnit == prodUnits.primaryUnit ? 'primary' : ''" :id="prodUnits.primaryUnit + '-' + pid + '-measurement-unit-ptile' + additionalTag" :name="'measurement-unit-' + pid + '-ptile' + additionalTag" :value="prodUnits.primaryUnit" v-model="prodUnits.selectedUnit">
                        <label :class="prodUnits.primaryUnit + '-label ct-form-check-label mb-0'" :for="prodUnits.primaryUnit + '-' + pid + '-measurement-unit-ptile' + additionalTag">
                        {{prodUnits.primaryUnit}}
                        </label>
                        <span class="checkmark"></span>
                        </div>
                        </div>
                        <template v-if="!isPDP &amp;&amp; isPriceAvailable">
                        <span class="quantity-error ct-span-error product-max-allocation" v-if="isMaxQtyReached">
                        Quantidade máxima atingida
                        </span>
                        <span class="quantity-error ct-span-product product-allocation" v-if="!isMinQtyReached &amp;&amp; !isMaxQtyReached">
                        {{quantitySelected}} no carrinho
                        </span>
                        <span class="quantity-error ct-span-error product-min-allocation" :data-pid="pid" v-if="isMinQtyReached &amp;&amp; !isMaxQtyReached">
                        Quantidade mínima atingida
                        </span>
                        </template>
                        </template>
                        </div>
                        <input class="quantity-value-mask d-none" name="quantity" type="number" min="0" value="" tabindex="-1">
                        </div>
                        <button type="button" class="add-to-cart button js-add-to-cart js-add-to-cart-tile 2308516 button--primary dynamic-layout-btn" data-toggle="modal" data-target="#chooseBonusProductModal" data-pid="2308516" data-quantity-value="null" aria-label="Carrinho" tabindex="-1">
                        <span class="d-block d-sm-none">
                        <span class="svg-wrapper svg-icon-cart" style="width:20px; height:20px">
                        <svg class="svg-inline icon-cart" xmlns="http://www.w3.org/2000/svg" viewBox="0 0 500 500" width="100%" height="100%"><path fill="#EB0203" fill-rule="evenodd" d="M 485.67317,94.386311 C 476.37798,83.847129 463.09468,78.03348 448.30404,78.03348 H 90.690813 L 87.079511,51.327997 C 83.185582,22.539551 62.962285,0 41.011841,0 H 14.727836 C 6.563151,0 0,6.5286975 0,14.580758 c 0,8.05206 6.5945535,14.580758 14.727836,14.580758 h 26.284005 c 4.710398,0 14.696435,9.855222 16.894619,26.021523 L 100.01739,368.0631 c 1.88416,13.77244 9.01256,26.70549 20.1605,36.37417 8.25889,7.15046 18.02511,11.9071 28.26237,13.89679 -4.17655,7.58572 -6.53175,16.25957 -6.53175,25.493 0,29.53459 24.27424,53.59751 54.13815,53.59751 29.8325,0 54.13814,-24.03184 54.13814,-53.59751 0,-8.79818 -2.19818,-17.09897 -5.9979,-24.43598 h 77.12488 c -3.79973,7.33701 -5.96652,15.6378 -5.96652,24.43598 0,29.53459 24.27424,53.59751 54.13817,53.59751 29.83249,0 54.13814,-24.03184 54.13814,-53.59751 0,-8.79818 -2.1982,-17.09897 -5.9979,-24.43598 h 38.56243 c 8.13328,0 14.72783,-6.5287 14.72783,-14.61183 0,-8.02098 -6.59455,-14.54967 -14.72783,-14.54967 H 159.24277 c -14.38241,0 -28.13677,-11.90711 -30.02092,-26.02153 l -3.07746,-22.88154 h 290.6314 c 14.03698,0 27.94834,-5.28513 39.06488,-14.95381 11.11652,-9.6376 18.27632,-22.57065 20.16048,-36.37417 l 21.10259,-156.78201 c 1.94694,-14.51858 -2.10398,-28.29103 -11.43057,-38.861299 z M 220.76053,443.82706 c 0,13.49265 -11.08513,24.46709 -24.68247,24.46709 -13.62874,0 -24.71387,-10.97444 -24.71387,-24.46709 0,-13.49262 11.08513,-24.43598 24.71387,-24.43598 13.59734,0 24.68247,10.94336 24.68247,24.43598 z m 173.43675,0 c 0,13.49265 -11.08512,24.46709 -24.68245,24.46709 -13.62876,0 -24.71388,-10.97444 -24.71388,-24.46709 0,-13.49262 11.08512,-24.43598 24.71388,-24.43598 13.59733,0 24.68245,10.94336 24.68245,24.43598 z m 73.7648,-314.46558 -21.13397,156.782 c -1.88416,14.11442 -15.63851,26.05261 -30.02091,26.05261 H 122.25046 L 94.616142,107.19499 H 448.33544 c 6.18632,0 11.61896,2.2695 15.23028,6.37326 3.64269,4.13484 5.21283,9.73086 4.39636,15.79323 z"></path></svg>
                        </span>
                        </span>
                        <span class="add-to-cart--text d-none d-sm-block">Carrinho</span>
                        </button>
                        </div>
                        </div>
                        </div>
                        </div>
                        
                        <div class="col-12 d-sm-none">
                        </div>
                        </div>
                        </div>
                        </div>
                        </div><div class="pd-tile-wrap slick-slide" data-idx="8" style="height: auto; width: 221px;" data-slick-index="7" aria-hidden="true" tabindex="-1" role="tabpanel" id="slick-slide17">
                        
                        <script type="text/javascript">//<!--
                        /* <![CDATA[ */
                        (function(){
                        try {
                            if(window.CQuotient) {
                                var cq_params = {};
                                cq_params.cookieId = window.CQuotient.getCQCookieId();
                                cq_params.userId = window.CQuotient.getCQUserId();
                                cq_params.emailId = CQuotient.getCQHashedEmail();
                                cq_params.loginId = CQuotient.getCQHashedLogin();
                                cq_params.accumulate = true;
                                cq_params.products = [{
                                    id: '5779885',
                                    sku: '',
                                    type: '',
                                    alt_id: ''
                                }];
                                cq_params.recommenderName = 'FOOD-MERCEARIA';
                                cq_params.realm = "BDVS";
                                cq_params.siteId = "continente";
                                cq_params.instanceType = "prd";
                                cq_params.locale = window.CQuotient.locale;
                                cq_params.slotId = 'col-category-product-recommendations';
                                cq_params.slotConfigId = 'FOOD Recommender Mercearia - Einstein';
                                cq_params.slotConfigTemplate = 'slots\/recommendation\/recommendedProductsCLP.isml';
                                if(window.CQuotient.sendActivity)
                                    window.CQuotient.sendActivity( CQuotient.clientId, 'viewReco', cq_params );
                                else
                                    window.CQuotient.activities.push( {activityType: 'viewReco', parameters: cq_params} );
                            }
                        } catch(err) {}
                        })();
                        /* ]]> */
                        // -->
                        </script>
                        <script type="text/javascript">//<!--
                        /* <![CDATA[ (viewProduct-active_data.js) */
                        dw.ac._capture({id: "5779885", type: "recommendation"});
                        /* ]]> */
                        // -->
                        </script>
                        <div class="product" data-pid="5779885">
                        <div class="product-tile pid-5779885   ct-product-tile " data-delay-time="3000" data-variants-mapping="[]" data-in-cart-msg="no carrinho" data-one-product-added="Adicionado ao carrinho" data-remove-from-cart-msg="Removido do carrinho" data-stay-open="6000.0" data-product-tile-impression="{&quot;name&quot;:&quot;5779885&quot;,&quot;id&quot;:&quot;5779885&quot;,&quot;price&quot;:4.29,&quot;brand&quot;:&quot;Nesquik&quot;,&quot;category&quot;:[{&quot;category_level_1&quot;:&quot;Mercearia&quot;},{&quot;category_level_2&quot;:&quot;Café, Chá e Chocolate Solúvel&quot;},{&quot;category_level_3&quot;:&quot;Chocolate Solúvel&quot;}],&quot;variant&quot;:&quot;&quot;}">
                        <div class="ct-inner-tile-wrap row no-gutters justify-content-center align-content-start">
                        <div class="ct-product-tile-badge ct-product-tile-badge--promotional">
                        <img class="img-fluid lazyloaded" loading="lazy" data-src="https://www.continente.pt/dw/image/v2/BDVS_PRD/on/demandware.static/-/Sites-continente-Library/default/dwf5980f2e/images/badges/pvpr/col/pvpr.png?sw=60&amp;sh=42" alt="PVP Recomendado: €6,19/un" title="PVP Recomendado: €6,19/un" src="https://www.continente.pt/dw/image/v2/BDVS_PRD/on/demandware.static/-/Sites-continente-Library/default/dwf5980f2e/images/badges/pvpr/col/pvpr.png?sw=60&amp;sh=42">
                        <div class="ct-product-tile-badge-value-wrapper ct-product-tile-badge-value-wrapper--pvpr  ">
                        <span class="ct-product-tile-badge-value--pvpr">
                        30
                        </span>
                        <span class="ct-product-tile-badge-value--pvpr-quantifier ">
                        %
                        </span>
                        </div>
                        </div>
                        
                        <div class="ct-image-container col-4 col-sm" data-confirmation-image="{&quot;url&quot;:&quot;https://www.continente.pt/dw/image/v2/BDVS_PRD/on/demandware.static/-/Sites-col-master-catalog/default/dw0753b1b4/images/col/577/5779885-hero.jpg?sw=87&amp;sh=80&quot;,&quot;fallbackimage&quot;:{&quot;url&quot;:&quot;https://www.continente.pt/dw/image/v2/BDVS_PRD/on/demandware.static/Sites-continente-Site/-/default/dw7c42b4da/images/noimagelarge_product.png?sw=87&amp;sh=80&quot;,&quot;title&quot;:&quot;Bebida de Chocolate Solúvel&quot;,&quot;alt&quot;:&quot;Bebida de Chocolate Solúvel&quot;},&quot;title&quot;:&quot;Bebida de Chocolate Solúvel&quot;,&quot;alt&quot;:&quot;Bebida de Chocolate Solúvel&quot;}">
                        <a href="https://www.continente.pt/produto/bebida-de-chocolate-soluvel-nesquik-5779885.html?cgid=home" tabindex="-1">
                        <picture class="intrinsic intrinsic--square">
                        <img class="ct-tile-image lazyloaded" loading="lazy" onerror="this.onerror=null;this.src='/on/demandware.static/Sites-continente-Site/-/default/dw7c42b4da/images/noimagelarge_product.png';" data-src="https://www.continente.pt/dw/image/v2/BDVS_PRD/on/demandware.static/-/Sites-col-master-catalog/default/dw0753b1b4/images/col/577/5779885-hero.jpg?sw=280&amp;sh=280" alt="Bebida de Chocolate Solúvel" title="Bebida de Chocolate Solúvel" src="https://www.continente.pt/dw/image/v2/BDVS_PRD/on/demandware.static/-/Sites-col-master-catalog/default/dw0753b1b4/images/col/577/5779885-hero.jpg?sw=280&amp;sh=280">
                        </picture>
                        </a>
                        <div class=" ct-product-tile-badge ct-product-tile-badge--general">
                        <img class="img-fluid ct-tooltip-trigger lazyloaded" loading="lazy" data-src="https://www.continente.pt/dw/image/v2/BDVS_PRD/on/demandware.static/-/Sites-continente-Library/default/dw257a25b4/images/badges/general/col/sem_gluten.png?sw=25&amp;sh=25" alt="Crachá do produto" title="Sem Glúten" data-toggle="tooltip" data-placement="right" src="https://www.continente.pt/dw/image/v2/BDVS_PRD/on/demandware.static/-/Sites-continente-Library/default/dw257a25b4/images/badges/general/col/sem_gluten.png?sw=25&amp;sh=25">
                        </div>
                        <div class="color-swatches d-flex" style="margin-left: 5px;">
                        <div class="swatches d-flex">
                        </div>
                        </div>
                        </div>
                        <div class="ct-tile-body col col-sm-auto ">
                        <div class="ct-pdp-details">
                        <div class="ct-pdp-link">
                        <a class="ct-tile--description" href="https://www.continente.pt/produto/bebida-de-chocolate-soluvel-nesquik-5779885.html?cgid=home" tabindex="-1">Bebida de Chocolate Solúvel</a>
                        <div class="ct-tile--favorite-top d-sm-none">
                        <button class="wishlist-toggler guest-mode inactive button button--tertiary" data-pid="5779885" data-add-url="https://www.continente.pt/on/demandware.store/Sites-continente-Site/default/Wishlist-AddProduct?pid=5779885" data-toggle="tooltip" aria-label="Adicionar aos favoritos " data-original-title="Adicionar aos favoritos" data-placement="top" tabindex="-1">
                        <svg class="active-content" width="100%" height="100%" viewBox="0 0 20 22" fill="none" xmlns="http://www.w3.org/2000/svg">
                        <path fill-rule="evenodd" clip-rule="evenodd" d="M0 1.53052C0 0.685236 0.692171 0 1.54601 0H15.0736C15.9274 0 16.6196 0.685235 16.6196 1.53052V13.4064L15.8127 13.922L14.2658 14.2658L12.7189 13.4064L10.6054 14.3818C10.4994 14.2451 10.3327 14.157 10.1452 14.157H6.76329C6.4431 14.157 6.18354 14.414 6.18354 14.731C6.18354 15.0479 6.4431 15.3049 6.76329 15.3049H10.1452C10.2478 15.3049 10.3441 15.2785 10.4277 15.2322L10.3126 16.8439L13.2345 20.2793H1.54601C0.69217 20.2793 0 19.5941 0 18.7488V1.53052ZM6.18354 5.5483C6.18354 5.23132 6.4431 4.97436 6.76329 4.97436H12.3676C12.6878 4.97436 12.9473 5.23132 12.9473 5.5483C12.9473 5.86528 12.6878 6.12224 12.3676 6.12224H6.76329C6.4431 6.12224 6.18354 5.86528 6.18354 5.5483ZM6.76329 11.0961C6.4431 11.0961 6.18354 11.3531 6.18354 11.6701C6.18354 11.987 6.4431 12.244 6.76329 12.244H12.3676C12.6878 12.244 12.9473 11.987 12.9473 11.6701C12.9473 11.3531 12.6878 11.0961 12.3676 11.0961H6.76329ZM6.18354 8.60985C6.18354 8.29287 6.4431 8.03591 6.76329 8.03591H12.3676C12.6878 8.03591 12.9473 8.29287 12.9473 8.60985C12.9473 8.92684 12.6878 9.1838 12.3676 9.1838H6.76329C6.4431 9.1838 6.18354 8.92684 6.18354 8.60985ZM3.67118 5.5483C3.67118 5.23132 3.93075 4.97436 4.25093 4.97436H4.63743C4.95762 4.97436 5.21719 5.23132 5.21719 5.5483C5.21719 5.86528 4.95762 6.12224 4.63743 6.12224H4.25093C3.93075 6.12224 3.67118 5.86528 3.67118 5.5483ZM4.25093 11.0961C3.93075 11.0961 3.67118 11.3531 3.67118 11.6701C3.67118 11.987 3.93075 12.244 4.25093 12.244H4.63743C4.95762 12.244 5.21719 11.987 5.21719 11.6701C5.21719 11.3531 4.95762 11.0961 4.63743 11.0961H4.25093ZM3.67118 8.60985C3.67118 8.29287 3.93075 8.03591 4.25093 8.03591H4.63743C4.95762 8.03591 5.21719 8.29287 5.21719 8.60985C5.21719 8.92684 4.95762 9.1838 4.63743 9.1838H4.25093C3.93075 9.1838 3.67118 8.92684 3.67118 8.60985ZM4.25093 14.157C3.93075 14.157 3.67118 14.414 3.67118 14.731C3.67118 15.0479 3.93075 15.3049 4.25093 15.3049H4.63743C4.95762 15.3049 5.21719 15.0479 5.21719 14.731C5.21719 14.414 4.95762 14.157 4.63743 14.157H4.25093Z" fill="#EB0203"></path>
                        <path fill-rule="evenodd" clip-rule="evenodd" d="M14.6252 13.6363C13.4918 12.6215 11.7817 12.5264 10.6569 13.4792C9.12421 14.7764 9.34841 16.8912 10.4409 18.0122L14.0159 21.6742C14.2197 21.8832 14.4928 22 14.7822 22C15.0737 22 15.3448 21.8852 15.5486 21.6762L19.1236 18.0142C20.214 16.8933 20.4423 14.7785 18.9075 13.4792C17.7827 12.5283 16.0724 12.6217 14.9391 13.6365C14.8855 13.6845 14.8331 13.7345 14.7822 13.7866C14.7313 13.7345 14.6789 13.6843 14.6252 13.6363ZM18.1546 14.3522C19.0973 15.1508 18.9962 16.4896 18.2891 17.2173C18.2888 17.2175 18.2886 17.2177 18.2884 17.218L14.7832 20.8084L11.2753 17.2151C11.2752 17.215 11.2751 17.2149 11.2749 17.2148C10.5677 16.4887 10.4678 15.1495 11.4104 14.3518L11.4108 14.3514C12.0745 13.7892 13.2018 13.82 13.9488 14.5846L14.7822 15.4378L15.6157 14.5846C16.3617 13.8211 17.4896 13.79 18.1545 14.3521" fill="#EB0203"></path>
                        </svg>
                        <svg class="inactive-content" width="100%" height="100%" viewBox="0 0 20 23" fill="none" xmlns="http://www.w3.org/2000/svg">
                        <path fill-rule="evenodd" clip-rule="evenodd" d="M6.18408 5.77914C6.18408 5.46223 6.44363 5.20532 6.7638 5.20532H12.3678C12.6879 5.20532 12.9475 5.46223 12.9475 5.77914C12.9475 6.09606 12.6879 6.35297 12.3678 6.35297H6.7638C6.44363 6.35297 6.18408 6.09606 6.18408 5.77914Z" fill="#EB0203"></path>
                        <path fill-rule="evenodd" clip-rule="evenodd" d="M6.18408 11.9034C6.18408 11.5865 6.44363 11.3296 6.7638 11.3296H12.3678C12.6879 11.3296 12.9475 11.5865 12.9475 11.9034C12.9475 12.2202 12.6879 12.4771 12.3678 12.4771H6.7638C6.44363 12.4771 6.18408 12.2202 6.18408 11.9034Z" fill="#EB0203"></path>
                        <path fill-rule="evenodd" clip-rule="evenodd" d="M6.18408 8.84116C6.18408 8.52424 6.44363 8.26733 6.7638 8.26733H12.3678C12.6879 8.26733 12.9475 8.52424 12.9475 8.84116C12.9475 9.15807 12.6879 9.41498 12.3678 9.41498H6.7638C6.44363 9.41498 6.18408 9.15807 6.18408 8.84116Z" fill="#EB0203"></path>
                        <path fill-rule="evenodd" clip-rule="evenodd" d="M6.18408 14.9655C6.18408 14.6486 6.44363 14.3917 6.7638 14.3917H10.1455C10.4657 14.3917 10.7252 14.6486 10.7252 14.9655C10.7252 15.2825 10.4657 15.5394 10.1455 15.5394H6.7638C6.44363 15.5394 6.18408 15.2825 6.18408 14.9655Z" fill="#EB0203"></path>
                        <path fill-rule="evenodd" clip-rule="evenodd" d="M3.67139 5.77914C3.67139 5.46223 3.93094 5.20532 4.25111 5.20532H4.63759C4.95776 5.20532 5.21731 5.46223 5.21731 5.77914C5.21731 6.09606 4.95776 6.35297 4.63759 6.35297H4.25111C3.93094 6.35297 3.67139 6.09606 3.67139 5.77914Z" fill="#EB0203"></path>
                        <path fill-rule="evenodd" clip-rule="evenodd" d="M3.67139 11.9034C3.67139 11.5865 3.93094 11.3296 4.25111 11.3296H4.63759C4.95776 11.3296 5.21731 11.5865 5.21731 11.9034C5.21731 12.2202 4.95776 12.4771 4.63759 12.4771H4.25111C3.93094 12.4771 3.67139 12.2202 3.67139 11.9034Z" fill="#EB0203"></path>
                        <path fill-rule="evenodd" clip-rule="evenodd" d="M3.67139 8.84116C3.67139 8.52424 3.93094 8.26733 4.25111 8.26733H4.63759C4.95776 8.26733 5.21731 8.52424 5.21731 8.84116C5.21731 9.15807 4.95776 9.41498 4.63759 9.41498H4.25111C3.93094 9.41498 3.67139 9.15807 3.67139 8.84116Z" fill="#EB0203"></path>
                        <path fill-rule="evenodd" clip-rule="evenodd" d="M3.67139 14.9655C3.67139 14.6486 3.93094 14.3917 4.25111 14.3917H4.63759C4.95776 14.3917 5.21731 14.6486 5.21731 14.9655C5.21731 15.2825 4.95776 15.5394 4.63759 15.5394H4.25111C3.93094 15.5394 3.67139 15.2825 3.67139 14.9655Z" fill="#EB0203"></path>
                        <path fill-rule="evenodd" clip-rule="evenodd" d="M0 1.76033C0 0.914738 0.692131 0.229248 1.54592 0.229248H15.0727C15.9265 0.229248 16.6186 0.914738 16.6186 1.76033V11.2818C16.6186 11.5989 16.3591 11.8559 16.0389 11.8559C15.7187 11.8559 15.4592 11.5989 15.4592 11.2818V1.76033C15.4592 1.54893 15.2862 1.37756 15.0727 1.37756H1.54592C1.33247 1.37756 1.15944 1.54893 1.15944 1.76033V18.985C1.15944 19.1964 1.33247 19.3678 1.54592 19.3678H9.27551C9.59568 19.3678 9.85523 19.6249 9.85523 19.942C9.85523 20.2591 9.59568 20.5161 9.27551 20.5161H1.54592C0.692131 20.5161 0 19.8306 0 18.985V1.76033Z" fill="#EB0203"></path>
                        <path fill-rule="evenodd" clip-rule="evenodd" d="M14.6254 13.8718C13.4921 12.8567 11.7821 12.7615 10.6574 13.7147C9.12472 15.0124 9.34891 17.128 10.4413 18.2493L14.0161 21.9126C14.2199 22.1217 14.493 22.2386 14.7824 22.2386C15.0739 22.2386 15.3449 22.1238 15.5487 21.9147L19.1235 18.2514C20.2139 17.13 20.4422 15.0144 18.9075 13.7147C17.7827 12.7634 16.0726 12.8569 14.9392 13.872C14.8856 13.92 14.8333 13.9701 14.7824 14.0222C14.7314 13.97 14.6791 13.9199 14.6254 13.8718ZM18.1546 14.588C19.0972 15.3869 18.9961 16.7262 18.2891 17.4541C18.2888 17.4543 18.2886 17.4546 18.2884 17.4548L14.7834 21.0466L11.2757 17.452C11.2756 17.4519 11.2755 17.4517 11.2753 17.4516C10.5681 16.7252 10.4682 15.3856 11.4108 14.5876L11.4112 14.5872C12.0748 14.0248 13.202 14.0556 13.949 14.8205L14.7824 15.674L15.6158 14.8205C16.3618 14.0567 17.4896 14.0256 18.1545 14.5879" fill="#EB0203"></path>
                        </svg>
                        </button>
                        </div>
                        </div>
                        <p class="ct-tile--brand">Nesquik</p>
                        <p class="ct-tile--quantity">emb. 1 kg</p>
                        </div>
                        <div class="ct-tile-bottom row no-gutters justify-content-between">
                        <div class="ct-price-wrap col-8 col-sm-12">
                        <div class="price js-product-price">
                        <div class="prices-wrapper">
                        <span class="sales ct-tile--price-primary ">
                        <span class="value" content="4.29">
                        <span class="ct-price-formatted">
                        €4,29
                        </span>
                        <span class="ct-m-unit">
                        /un
                        </span>
                        </span>
                        </span>
                        </div>
                        <div class="ct-tile--price-secondary">
                        <span class="ct-price-value">
                        €4,29
                        </span>
                        <span class="ct-m-unit">
                        /kg
                        </span>
                        </div>
                        <p class="ct-discount-amount ct-discount-amount-pvpr">PVP Recomendado: €6,19/un</p>
                        </div>
                        </div>
                        <div class="ct-tile-buy-section d-flex justify-content-center no-gutters col-auto col-sm-12">
                        <div class="col-2 d-sm-flex d-none">
                        <button class="wishlist-toggler guest-mode inactive button button--tertiary" data-pid="5779885" data-add-url="https://www.continente.pt/on/demandware.store/Sites-continente-Site/default/Wishlist-AddProduct?pid=5779885" data-toggle="tooltip" aria-label="Adicionar aos favoritos " data-original-title="Adicionar aos favoritos" data-placement="top" tabindex="-1">
                        <svg class="active-content" width="100%" height="100%" viewBox="0 0 20 22" fill="none" xmlns="http://www.w3.org/2000/svg">
                        <path fill-rule="evenodd" clip-rule="evenodd" d="M0 1.53052C0 0.685236 0.692171 0 1.54601 0H15.0736C15.9274 0 16.6196 0.685235 16.6196 1.53052V13.4064L15.8127 13.922L14.2658 14.2658L12.7189 13.4064L10.6054 14.3818C10.4994 14.2451 10.3327 14.157 10.1452 14.157H6.76329C6.4431 14.157 6.18354 14.414 6.18354 14.731C6.18354 15.0479 6.4431 15.3049 6.76329 15.3049H10.1452C10.2478 15.3049 10.3441 15.2785 10.4277 15.2322L10.3126 16.8439L13.2345 20.2793H1.54601C0.69217 20.2793 0 19.5941 0 18.7488V1.53052ZM6.18354 5.5483C6.18354 5.23132 6.4431 4.97436 6.76329 4.97436H12.3676C12.6878 4.97436 12.9473 5.23132 12.9473 5.5483C12.9473 5.86528 12.6878 6.12224 12.3676 6.12224H6.76329C6.4431 6.12224 6.18354 5.86528 6.18354 5.5483ZM6.76329 11.0961C6.4431 11.0961 6.18354 11.3531 6.18354 11.6701C6.18354 11.987 6.4431 12.244 6.76329 12.244H12.3676C12.6878 12.244 12.9473 11.987 12.9473 11.6701C12.9473 11.3531 12.6878 11.0961 12.3676 11.0961H6.76329ZM6.18354 8.60985C6.18354 8.29287 6.4431 8.03591 6.76329 8.03591H12.3676C12.6878 8.03591 12.9473 8.29287 12.9473 8.60985C12.9473 8.92684 12.6878 9.1838 12.3676 9.1838H6.76329C6.4431 9.1838 6.18354 8.92684 6.18354 8.60985ZM3.67118 5.5483C3.67118 5.23132 3.93075 4.97436 4.25093 4.97436H4.63743C4.95762 4.97436 5.21719 5.23132 5.21719 5.5483C5.21719 5.86528 4.95762 6.12224 4.63743 6.12224H4.25093C3.93075 6.12224 3.67118 5.86528 3.67118 5.5483ZM4.25093 11.0961C3.93075 11.0961 3.67118 11.3531 3.67118 11.6701C3.67118 11.987 3.93075 12.244 4.25093 12.244H4.63743C4.95762 12.244 5.21719 11.987 5.21719 11.6701C5.21719 11.3531 4.95762 11.0961 4.63743 11.0961H4.25093ZM3.67118 8.60985C3.67118 8.29287 3.93075 8.03591 4.25093 8.03591H4.63743C4.95762 8.03591 5.21719 8.29287 5.21719 8.60985C5.21719 8.92684 4.95762 9.1838 4.63743 9.1838H4.25093C3.93075 9.1838 3.67118 8.92684 3.67118 8.60985ZM4.25093 14.157C3.93075 14.157 3.67118 14.414 3.67118 14.731C3.67118 15.0479 3.93075 15.3049 4.25093 15.3049H4.63743C4.95762 15.3049 5.21719 15.0479 5.21719 14.731C5.21719 14.414 4.95762 14.157 4.63743 14.157H4.25093Z" fill="#EB0203"></path>
                        <path fill-rule="evenodd" clip-rule="evenodd" d="M14.6252 13.6363C13.4918 12.6215 11.7817 12.5264 10.6569 13.4792C9.12421 14.7764 9.34841 16.8912 10.4409 18.0122L14.0159 21.6742C14.2197 21.8832 14.4928 22 14.7822 22C15.0737 22 15.3448 21.8852 15.5486 21.6762L19.1236 18.0142C20.214 16.8933 20.4423 14.7785 18.9075 13.4792C17.7827 12.5283 16.0724 12.6217 14.9391 13.6365C14.8855 13.6845 14.8331 13.7345 14.7822 13.7866C14.7313 13.7345 14.6789 13.6843 14.6252 13.6363ZM18.1546 14.3522C19.0973 15.1508 18.9962 16.4896 18.2891 17.2173C18.2888 17.2175 18.2886 17.2177 18.2884 17.218L14.7832 20.8084L11.2753 17.2151C11.2752 17.215 11.2751 17.2149 11.2749 17.2148C10.5677 16.4887 10.4678 15.1495 11.4104 14.3518L11.4108 14.3514C12.0745 13.7892 13.2018 13.82 13.9488 14.5846L14.7822 15.4378L15.6157 14.5846C16.3617 13.8211 17.4896 13.79 18.1545 14.3521" fill="#EB0203"></path>
                        </svg>
                        <svg class="inactive-content" width="100%" height="100%" viewBox="0 0 20 23" fill="none" xmlns="http://www.w3.org/2000/svg">
                        <path fill-rule="evenodd" clip-rule="evenodd" d="M6.18408 5.77914C6.18408 5.46223 6.44363 5.20532 6.7638 5.20532H12.3678C12.6879 5.20532 12.9475 5.46223 12.9475 5.77914C12.9475 6.09606 12.6879 6.35297 12.3678 6.35297H6.7638C6.44363 6.35297 6.18408 6.09606 6.18408 5.77914Z" fill="#EB0203"></path>
                        <path fill-rule="evenodd" clip-rule="evenodd" d="M6.18408 11.9034C6.18408 11.5865 6.44363 11.3296 6.7638 11.3296H12.3678C12.6879 11.3296 12.9475 11.5865 12.9475 11.9034C12.9475 12.2202 12.6879 12.4771 12.3678 12.4771H6.7638C6.44363 12.4771 6.18408 12.2202 6.18408 11.9034Z" fill="#EB0203"></path>
                        <path fill-rule="evenodd" clip-rule="evenodd" d="M6.18408 8.84116C6.18408 8.52424 6.44363 8.26733 6.7638 8.26733H12.3678C12.6879 8.26733 12.9475 8.52424 12.9475 8.84116C12.9475 9.15807 12.6879 9.41498 12.3678 9.41498H6.7638C6.44363 9.41498 6.18408 9.15807 6.18408 8.84116Z" fill="#EB0203"></path>
                        <path fill-rule="evenodd" clip-rule="evenodd" d="M6.18408 14.9655C6.18408 14.6486 6.44363 14.3917 6.7638 14.3917H10.1455C10.4657 14.3917 10.7252 14.6486 10.7252 14.9655C10.7252 15.2825 10.4657 15.5394 10.1455 15.5394H6.7638C6.44363 15.5394 6.18408 15.2825 6.18408 14.9655Z" fill="#EB0203"></path>
                        <path fill-rule="evenodd" clip-rule="evenodd" d="M3.67139 5.77914C3.67139 5.46223 3.93094 5.20532 4.25111 5.20532H4.63759C4.95776 5.20532 5.21731 5.46223 5.21731 5.77914C5.21731 6.09606 4.95776 6.35297 4.63759 6.35297H4.25111C3.93094 6.35297 3.67139 6.09606 3.67139 5.77914Z" fill="#EB0203"></path>
                        <path fill-rule="evenodd" clip-rule="evenodd" d="M3.67139 11.9034C3.67139 11.5865 3.93094 11.3296 4.25111 11.3296H4.63759C4.95776 11.3296 5.21731 11.5865 5.21731 11.9034C5.21731 12.2202 4.95776 12.4771 4.63759 12.4771H4.25111C3.93094 12.4771 3.67139 12.2202 3.67139 11.9034Z" fill="#EB0203"></path>
                        <path fill-rule="evenodd" clip-rule="evenodd" d="M3.67139 8.84116C3.67139 8.52424 3.93094 8.26733 4.25111 8.26733H4.63759C4.95776 8.26733 5.21731 8.52424 5.21731 8.84116C5.21731 9.15807 4.95776 9.41498 4.63759 9.41498H4.25111C3.93094 9.41498 3.67139 9.15807 3.67139 8.84116Z" fill="#EB0203"></path>
                        <path fill-rule="evenodd" clip-rule="evenodd" d="M3.67139 14.9655C3.67139 14.6486 3.93094 14.3917 4.25111 14.3917H4.63759C4.95776 14.3917 5.21731 14.6486 5.21731 14.9655C5.21731 15.2825 4.95776 15.5394 4.63759 15.5394H4.25111C3.93094 15.5394 3.67139 15.2825 3.67139 14.9655Z" fill="#EB0203"></path>
                        <path fill-rule="evenodd" clip-rule="evenodd" d="M0 1.76033C0 0.914738 0.692131 0.229248 1.54592 0.229248H15.0727C15.9265 0.229248 16.6186 0.914738 16.6186 1.76033V11.2818C16.6186 11.5989 16.3591 11.8559 16.0389 11.8559C15.7187 11.8559 15.4592 11.5989 15.4592 11.2818V1.76033C15.4592 1.54893 15.2862 1.37756 15.0727 1.37756H1.54592C1.33247 1.37756 1.15944 1.54893 1.15944 1.76033V18.985C1.15944 19.1964 1.33247 19.3678 1.54592 19.3678H9.27551C9.59568 19.3678 9.85523 19.6249 9.85523 19.942C9.85523 20.2591 9.59568 20.5161 9.27551 20.5161H1.54592C0.692131 20.5161 0 19.8306 0 18.985V1.76033Z" fill="#EB0203"></path>
                        <path fill-rule="evenodd" clip-rule="evenodd" d="M14.6254 13.8718C13.4921 12.8567 11.7821 12.7615 10.6574 13.7147C9.12472 15.0124 9.34891 17.128 10.4413 18.2493L14.0161 21.9126C14.2199 22.1217 14.493 22.2386 14.7824 22.2386C15.0739 22.2386 15.3449 22.1238 15.5487 21.9147L19.1235 18.2514C20.2139 17.13 20.4422 15.0144 18.9075 13.7147C17.7827 12.7634 16.0726 12.8569 14.9392 13.872C14.8856 13.92 14.8333 13.9701 14.7824 14.0222C14.7314 13.97 14.6791 13.9199 14.6254 13.8718ZM18.1546 14.588C19.0972 15.3869 18.9961 16.7262 18.2891 17.4541C18.2888 17.4543 18.2886 17.4546 18.2884 17.4548L14.7834 21.0466L11.2757 17.452C11.2756 17.4519 11.2755 17.4517 11.2753 17.4516C10.5681 16.7252 10.4682 15.3856 11.4108 14.5876L11.4112 14.5872C12.0748 14.0248 13.202 14.0556 13.949 14.8205L14.7824 15.674L15.6158 14.8205C16.3618 14.0567 17.4896 14.0256 18.1545 14.5879" fill="#EB0203"></path>
                        </svg>
                        </button>
                        </div>
                        <div class="col-sm-10 col-12">
                        <div class="ct-tile-quantity d-none" data-pid="5779885">
                        <input type="hidden" class="add-to-cart-url" value="https://www.continente.pt/on/demandware.store/Sites-continente-Site/default/Cart-AddProduct" tabindex="-1">
                        <div class="d-none tile-delete-confirmation-btn" data-pid="5779885" data-delay-time="3000" data-in-cart-msg="no carrinho" data-one-product-added="Adicionado ao carrinho" data-remove-from-cart-msg="Removido do carrinho" data-stay-open="6000.0" data-confirmation-image="{&quot;url&quot;:&quot;https://www.continente.pt/dw/image/v2/BDVS_PRD/on/demandware.static/-/Sites-col-master-catalog/default/dw0753b1b4/images/col/577/5779885-hero.jpg?sw=87&amp;sh=80&quot;,&quot;fallbackimage&quot;:{&quot;url&quot;:&quot;https://www.continente.pt/dw/image/v2/BDVS_PRD/on/demandware.static/Sites-continente-Site/-/default/dw7c42b4da/images/noimagelarge_product.png?sw=87&amp;sh=80&quot;,&quot;title&quot;:&quot;Bebida de Chocolate Solúvel&quot;,&quot;alt&quot;:&quot;Bebida de Chocolate Solúvel&quot;},&quot;title&quot;:&quot;Bebida de Chocolate Solúvel&quot;,&quot;alt&quot;:&quot;Bebida de Chocolate Solúvel&quot;}"></div>
                        <div class="ct-tile-quantity-update quantity-update product-qty-vue" data-remove-action="https://www.continente.pt/on/demandware.store/Sites-continente-Site/default/Cart-RemoveProductLineItem" data-action="https://www.continente.pt/on/demandware.store/Sites-continente-Site/default/Cart-UpdateQuantity" data-dimension-update="https://www.continente.pt/on/demandware.store/Sites-continente-Site/default/Cart-DimensionUpdate" data-pid="5779885" data-uuid="c36c41d4b8d3f624dfda26a49a" data-add-delay="500.0" data-measure-options="{&quot;hasConversionRate&quot;:false,&quot;hasAlternativeSaleUnit&quot;:false,&quot;unitConversionRate&quot;:0,&quot;minOrderQuantity&quot;:1,&quot;stepQuantity&quot;:1,&quot;primaryunit&quot;:&quot;un&quot;,&quot;secondaryunit&quot;:&quot;kg&quot;,&quot;selectedunit&quot;:&quot;primary&quot;,&quot;maxNumberOfUnitsPerSale&quot;:50}" data-price-available="null" :data-has-error="isMaxQtyReached || isMinQtyReached || qtySelectedMoreThanOne">
                        <template v-show="prodUnits">
                        <div class="quantity-input-wrapper has-units">
                        <label class="visually-hidden" :for="'quantity-' + pid + additionalTag">
                        Quantidade no carrinho
                        </label>
                        <input :ref="'quantityInput-' + pid + additionalTag" class="add-to-cart-quantity form-control ct-form-input text-center" inputmode="numeric" :class="{'is-invalid': isInvalid}" :data-pid="pid + additionalTag" :name="'quantity-' + pid + additionalTag" type="text" aria-label="Insira a quantidade" title="" v-model="displayValue" @change="updateQuantity" @focus="updateQtyFormat" @blur="restoreQtyFormat" :disabled="!isPriceAvailable">
                        <span class="quantity-icon quantity-icon--minus">
                        <button class="decrease-quantity-btn" @click="updateQuantity" :disabled="!isPriceAvailable" role="button" aria-label="Reduzir quantidade">
                        <i class="css-math-minus"></i>
                        </button>
                        </span>
                        <span class="quantity-icon quantity-icon--plus">
                        <button class="increase-quantity-btn" @click="updateQuantity" :disabled="isMaxQtyReached || !isPriceAvailable" role="button" aria-label="Aumentar quantidade">
                        <i class="css-math-plus"></i>
                        </button>
                        <span class="quantity-btn-disabled-placeholder"></span>
                        </span>
                        <template v-if="isPDP">
                        <span class="quantity-error ct-span-error text-sm-center product-max-allocation" v-if="isMaxQtyReached">
                        Quantidade máxima atingida
                        </span>
                        <span class="quantity-error ct-span-product text-sm-center product-allocation" v-if="!isMinQtyReached &amp;&amp; !isMaxQtyReached">
                        {{quantitySelected}} no carrinho
                        </span>
                        <span class="quantity-error ct-span-error text-sm-center product-min-allocation" :data-pid="pid" v-if="isMinQtyReached &amp;&amp; !isMaxQtyReached">
                        Quantidade mínima atingida
                        </span>
                        </template>
                        </div>
                        <template v-if="showNotes">
                        <div class="add-note-link-container ">
                        <div class="add-note">
                        <a href="/produto/bebida-de-chocolate-soluvel-nesquik-5779885.html?showNote=true" class="ct-add-note-redirect-pdp" aria-label="Adicionar comentário">
                        <span class="svg-wrapper svg-icon-notes" style="width:19px; height:20px">
                        <svg class="svg-inline icon-notes" viewBox="0 0 28 30" xmlns="http://www.w3.org/2000/svg" width="100%" height="100%"><path d="M21.738 0C22.985 0 24 1.04 24 2.319V12.47c0 .469-.37.848-.828.848-.457 0-.827-.38-.827-.848V2.32c0-.343-.273-.622-.607-.622H2.262c-.334 0-.607.279-.607.622V27.68c0 .343.273.622.607.622h7.81c.457 0 .827.38.827.849 0 .468-.37.848-.827.848h-7.81C1.015 30 0 28.96 0 27.681V2.32C0 1.04 1.015 0 2.262 0h19.476zm2.844 16.004l.227.007c.823.053 1.589.39 2.176.964.64.627.993 1.46.993 2.349 0 .888-.353 1.722-.993 2.348l-6.83 6.665c-.11.108-.247.186-.397.226l-5.032 1.363c-.078.021-.16.032-.241.032-.242 0-.478-.097-.647-.266-.23-.231-.314-.566-.218-.874l1.49-4.798c.044-.139.122-.266.227-.369l6.844-6.677c.64-.625 1.493-.97 2.401-.97zm-2.886 3.94l-4.922 4.802-.947 3.048 3.22-.872 4.897-4.78-2.248-2.197zm2.887-2.174c-.425 0-.824.162-1.124.455l-.484.472 2.248 2.197.484-.472c.62-.606.62-1.591 0-2.197l-.117-.104c-.283-.227-.636-.35-1.007-.35zm-10.839.022c.498 0 .904.396.904.883 0 .488-.406.884-.904.884H5.946c-.499 0-.904-.396-.904-.884 0-.487.405-.883.904-.883zm5.042-4.876c.498 0 .904.397.904.884s-.406.884-.904.884H5.946c-.499 0-.904-.397-.904-.884s.405-.884.904-.884zm0-4.875c.498 0 .904.396.904.884 0 .487-.406.883-.904.883H5.946c-.499 0-.904-.396-.904-.883 0-.488.405-.884.904-.884z" fill="#EB0203" fill-rule="evenodd"></path></svg>
                        </span>
                        <div class="available-note d-none"></div>
                        </a>
                        </div>
                        </div>
                        </template>
                        <div class="measurement-unit-section" v-if="isPriceAvailable &amp;&amp; prodUnits ? prodUnits.hasAlternativeUnit : false">
                        <div class="ct-form-radio" @click="setDimension">
                        <input type="radio" title="" class="ct-form-check-input product-measurement-unit" :data-type="prodUnits.selectedUnit == prodUnits.secondaryUnit ? 'primary' : ''" :id="prodUnits.secondaryUnit + '-' + pid + '-measurement-unit-ptile' + additionalTag" :name="'measurement-unit-' + pid + '-ptile' + additionalTag" :value="prodUnits.secondaryUnit" v-model="prodUnits.selectedUnit">
                        <label :class="prodUnits.secondaryUnit + '-label ct-form-check-label mb-0'" :for="prodUnits.secondaryUnit + '-' + pid + '-measurement-unit-ptile' + additionalTag">
                        {{prodUnits.secondaryUnit}}
                        </label>
                        <span class="checkmark"></span>
                        </div>
                        <div class="ct-form-radio" @click="setDimension">
                        <input type="radio" title="" class="ct-form-check-input product-measurement-unit" :data-type="prodUnits.selectedUnit == prodUnits.primaryUnit ? 'primary' : ''" :id="prodUnits.primaryUnit + '-' + pid + '-measurement-unit-ptile' + additionalTag" :name="'measurement-unit-' + pid + '-ptile' + additionalTag" :value="prodUnits.primaryUnit" v-model="prodUnits.selectedUnit">
                        <label :class="prodUnits.primaryUnit + '-label ct-form-check-label mb-0'" :for="prodUnits.primaryUnit + '-' + pid + '-measurement-unit-ptile' + additionalTag">
                        {{prodUnits.primaryUnit}}
                        </label>
                        <span class="checkmark"></span>
                        </div>
                        </div>
                        <template v-if="!isPDP &amp;&amp; isPriceAvailable">
                        <span class="quantity-error ct-span-error product-max-allocation" v-if="isMaxQtyReached">
                        Quantidade máxima atingida
                        </span>
                        <span class="quantity-error ct-span-product product-allocation" v-if="!isMinQtyReached &amp;&amp; !isMaxQtyReached">
                        {{quantitySelected}} no carrinho
                        </span>
                        <span class="quantity-error ct-span-error product-min-allocation" :data-pid="pid" v-if="isMinQtyReached &amp;&amp; !isMaxQtyReached">
                        Quantidade mínima atingida
                        </span>
                        </template>
                        </template>
                        </div>
                        <input class="quantity-value-mask d-none" name="quantity" type="number" min="0" value="" tabindex="-1">
                        </div>
                        <button type="button" class="add-to-cart button js-add-to-cart js-add-to-cart-tile 5779885 button--primary dynamic-layout-btn" data-toggle="modal" data-target="#chooseBonusProductModal" data-pid="5779885" data-quantity-value="null" aria-label="Carrinho" tabindex="-1">
                        <span class="d-block d-sm-none">
                        <span class="svg-wrapper svg-icon-cart" style="width:20px; height:20px">
                        <svg class="svg-inline icon-cart" xmlns="http://www.w3.org/2000/svg" viewBox="0 0 500 500" width="100%" height="100%"><path fill="#EB0203" fill-rule="evenodd" d="M 485.67317,94.386311 C 476.37798,83.847129 463.09468,78.03348 448.30404,78.03348 H 90.690813 L 87.079511,51.327997 C 83.185582,22.539551 62.962285,0 41.011841,0 H 14.727836 C 6.563151,0 0,6.5286975 0,14.580758 c 0,8.05206 6.5945535,14.580758 14.727836,14.580758 h 26.284005 c 4.710398,0 14.696435,9.855222 16.894619,26.021523 L 100.01739,368.0631 c 1.88416,13.77244 9.01256,26.70549 20.1605,36.37417 8.25889,7.15046 18.02511,11.9071 28.26237,13.89679 -4.17655,7.58572 -6.53175,16.25957 -6.53175,25.493 0,29.53459 24.27424,53.59751 54.13815,53.59751 29.8325,0 54.13814,-24.03184 54.13814,-53.59751 0,-8.79818 -2.19818,-17.09897 -5.9979,-24.43598 h 77.12488 c -3.79973,7.33701 -5.96652,15.6378 -5.96652,24.43598 0,29.53459 24.27424,53.59751 54.13817,53.59751 29.83249,0 54.13814,-24.03184 54.13814,-53.59751 0,-8.79818 -2.1982,-17.09897 -5.9979,-24.43598 h 38.56243 c 8.13328,0 14.72783,-6.5287 14.72783,-14.61183 0,-8.02098 -6.59455,-14.54967 -14.72783,-14.54967 H 159.24277 c -14.38241,0 -28.13677,-11.90711 -30.02092,-26.02153 l -3.07746,-22.88154 h 290.6314 c 14.03698,0 27.94834,-5.28513 39.06488,-14.95381 11.11652,-9.6376 18.27632,-22.57065 20.16048,-36.37417 l 21.10259,-156.78201 c 1.94694,-14.51858 -2.10398,-28.29103 -11.43057,-38.861299 z M 220.76053,443.82706 c 0,13.49265 -11.08513,24.46709 -24.68247,24.46709 -13.62874,0 -24.71387,-10.97444 -24.71387,-24.46709 0,-13.49262 11.08513,-24.43598 24.71387,-24.43598 13.59734,0 24.68247,10.94336 24.68247,24.43598 z m 173.43675,0 c 0,13.49265 -11.08512,24.46709 -24.68245,24.46709 -13.62876,0 -24.71388,-10.97444 -24.71388,-24.46709 0,-13.49262 11.08512,-24.43598 24.71388,-24.43598 13.59733,0 24.68245,10.94336 24.68245,24.43598 z m 73.7648,-314.46558 -21.13397,156.782 c -1.88416,14.11442 -15.63851,26.05261 -30.02091,26.05261 H 122.25046 L 94.616142,107.19499 H 448.33544 c 6.18632,0 11.61896,2.2695 15.23028,6.37326 3.64269,4.13484 5.21283,9.73086 4.39636,15.79323 z"></path></svg>
                        </span>
                        </span>
                        <span class="add-to-cart--text d-none d-sm-block">Carrinho</span>
                        </button>
                        </div>
                        </div>
                        </div>
                        </div>
                        
                        <div class="col-12 d-sm-none">
                        </div>
                        </div>
                        </div>
                        </div>
                        </div><div class="pd-tile-wrap slick-slide" data-idx="9" style="height: auto; width: 221px;" data-slick-index="8" aria-hidden="true" tabindex="-1" role="tabpanel" id="slick-slide18">
                        
                        <script type="text/javascript">//<!--
                        /* <![CDATA[ */
                        (function(){
                        try {
                            if(window.CQuotient) {
                                var cq_params = {};
                                cq_params.cookieId = window.CQuotient.getCQCookieId();
                                cq_params.userId = window.CQuotient.getCQUserId();
                                cq_params.emailId = CQuotient.getCQHashedEmail();
                                cq_params.loginId = CQuotient.getCQHashedLogin();
                                cq_params.accumulate = true;
                                cq_params.products = [{
                                    id: '7457865',
                                    sku: '',
                                    type: '',
                                    alt_id: ''
                                }];
                                cq_params.recommenderName = 'FOOD-MERCEARIA';
                                cq_params.realm = "BDVS";
                                cq_params.siteId = "continente";
                                cq_params.instanceType = "prd";
                                cq_params.locale = window.CQuotient.locale;
                                cq_params.slotId = 'col-category-product-recommendations';
                                cq_params.slotConfigId = 'FOOD Recommender Mercearia - Einstein';
                                cq_params.slotConfigTemplate = 'slots\/recommendation\/recommendedProductsCLP.isml';
                                if(window.CQuotient.sendActivity)
                                    window.CQuotient.sendActivity( CQuotient.clientId, 'viewReco', cq_params );
                                else
                                    window.CQuotient.activities.push( {activityType: 'viewReco', parameters: cq_params} );
                            }
                        } catch(err) {}
                        })();
                        /* ]]> */
                        // -->
                        </script>
                        <script type="text/javascript">//<!--
                        /* <![CDATA[ (viewProduct-active_data.js) */
                        dw.ac._capture({id: "7457865", type: "recommendation"});
                        /* ]]> */
                        // -->
                        </script>
                        <div class="product" data-pid="7457865">
                        <div class="product-tile pid-7457865   ct-product-tile " data-delay-time="3000" data-variants-mapping="[]" data-in-cart-msg="no carrinho" data-one-product-added="Adicionado ao carrinho" data-remove-from-cart-msg="Removido do carrinho" data-stay-open="6000.0" data-product-tile-impression="{&quot;name&quot;:&quot;7457865&quot;,&quot;id&quot;:&quot;7457865&quot;,&quot;price&quot;:1.86,&quot;brand&quot;:&quot;Vidal&quot;,&quot;category&quot;:[{&quot;category_level_1&quot;:&quot;Mercearia&quot;},{&quot;category_level_2&quot;:&quot;Chocolate, Gomas e Rebuçados&quot;},{&quot;category_level_3&quot;:&quot;Gomas, Pastilhas e Rebuçados&quot;}],&quot;variant&quot;:&quot;&quot;}">
                        <div class="ct-inner-tile-wrap row no-gutters justify-content-center align-content-start">
                        <div class="ct-product-tile-badge ct-product-tile-badge--promotional">
                        <img class="img-fluid lazyloaded" loading="lazy" data-src="https://www.continente.pt/dw/image/v2/BDVS_PRD/on/demandware.static/-/Sites-continente-Library/default/dwf5980f2e/images/badges/pvpr/col/pvpr.png?sw=60&amp;sh=42" alt="PVP Recomendado: €2,49/un" title="PVP Recomendado: €2,49/un" src="https://www.continente.pt/dw/image/v2/BDVS_PRD/on/demandware.static/-/Sites-continente-Library/default/dwf5980f2e/images/badges/pvpr/col/pvpr.png?sw=60&amp;sh=42">
                        <div class="ct-product-tile-badge-value-wrapper ct-product-tile-badge-value-wrapper--pvpr  ">
                        <span class="ct-product-tile-badge-value--pvpr">
                        25
                        </span>
                        <span class="ct-product-tile-badge-value--pvpr-quantifier ">
                        %
                        </span>
                        </div>
                        </div>
                        
                        <div class="ct-image-container col-4 col-sm" data-confirmation-image="{&quot;url&quot;:&quot;https://www.continente.pt/dw/image/v2/BDVS_PRD/on/demandware.static/-/Sites-col-master-catalog/default/dw478e3406/images/col/745/7457865-frente.jpg?sw=87&amp;sh=80&quot;,&quot;fallbackimage&quot;:{&quot;url&quot;:&quot;https://www.continente.pt/dw/image/v2/BDVS_PRD/on/demandware.static/Sites-continente-Site/-/default/dw7c42b4da/images/noimagelarge_product.png?sw=87&amp;sh=80&quot;,&quot;title&quot;:&quot;Gomas Monster Mix&quot;,&quot;alt&quot;:&quot;Gomas Monster Mix&quot;},&quot;title&quot;:&quot;Gomas Monster Mix&quot;,&quot;alt&quot;:&quot;Gomas Monster Mix&quot;}">
                        <a href="https://www.continente.pt/produto/gomas-monster-mix-vidal-7457865.html?cgid=home" tabindex="-1">
                        <picture class="intrinsic intrinsic--square">
                        <img class="ct-tile-image lazyloaded" loading="lazy" onerror="this.onerror=null;this.src='/on/demandware.static/Sites-continente-Site/-/default/dw7c42b4da/images/noimagelarge_product.png';" data-src="https://www.continente.pt/dw/image/v2/BDVS_PRD/on/demandware.static/-/Sites-col-master-catalog/default/dw478e3406/images/col/745/7457865-frente.jpg?sw=280&amp;sh=280" alt="Gomas Monster Mix" title="Gomas Monster Mix" src="https://www.continente.pt/dw/image/v2/BDVS_PRD/on/demandware.static/-/Sites-col-master-catalog/default/dw478e3406/images/col/745/7457865-frente.jpg?sw=280&amp;sh=280">
                        </picture>
                        </a>
                        <div class="color-swatches d-flex" style="margin-left: 5px;">
                        <div class="swatches d-flex">
                        </div>
                        </div>
                        </div>
                        <div class="ct-tile-body col col-sm-auto ">
                        <div class="ct-pdp-details">
                        <div class="ct-pdp-link">
                        <a class="ct-tile--description" href="https://www.continente.pt/produto/gomas-monster-mix-vidal-7457865.html?cgid=home" tabindex="-1">Gomas Monster Mix</a>
                        <div class="ct-tile--favorite-top d-sm-none">
                        <button class="wishlist-toggler guest-mode inactive button button--tertiary" data-pid="7457865" data-add-url="https://www.continente.pt/on/demandware.store/Sites-continente-Site/default/Wishlist-AddProduct?pid=7457865" data-toggle="tooltip" aria-label="Adicionar aos favoritos " data-original-title="Adicionar aos favoritos" data-placement="top" tabindex="-1">
                        <svg class="active-content" width="100%" height="100%" viewBox="0 0 20 22" fill="none" xmlns="http://www.w3.org/2000/svg">
                        <path fill-rule="evenodd" clip-rule="evenodd" d="M0 1.53052C0 0.685236 0.692171 0 1.54601 0H15.0736C15.9274 0 16.6196 0.685235 16.6196 1.53052V13.4064L15.8127 13.922L14.2658 14.2658L12.7189 13.4064L10.6054 14.3818C10.4994 14.2451 10.3327 14.157 10.1452 14.157H6.76329C6.4431 14.157 6.18354 14.414 6.18354 14.731C6.18354 15.0479 6.4431 15.3049 6.76329 15.3049H10.1452C10.2478 15.3049 10.3441 15.2785 10.4277 15.2322L10.3126 16.8439L13.2345 20.2793H1.54601C0.69217 20.2793 0 19.5941 0 18.7488V1.53052ZM6.18354 5.5483C6.18354 5.23132 6.4431 4.97436 6.76329 4.97436H12.3676C12.6878 4.97436 12.9473 5.23132 12.9473 5.5483C12.9473 5.86528 12.6878 6.12224 12.3676 6.12224H6.76329C6.4431 6.12224 6.18354 5.86528 6.18354 5.5483ZM6.76329 11.0961C6.4431 11.0961 6.18354 11.3531 6.18354 11.6701C6.18354 11.987 6.4431 12.244 6.76329 12.244H12.3676C12.6878 12.244 12.9473 11.987 12.9473 11.6701C12.9473 11.3531 12.6878 11.0961 12.3676 11.0961H6.76329ZM6.18354 8.60985C6.18354 8.29287 6.4431 8.03591 6.76329 8.03591H12.3676C12.6878 8.03591 12.9473 8.29287 12.9473 8.60985C12.9473 8.92684 12.6878 9.1838 12.3676 9.1838H6.76329C6.4431 9.1838 6.18354 8.92684 6.18354 8.60985ZM3.67118 5.5483C3.67118 5.23132 3.93075 4.97436 4.25093 4.97436H4.63743C4.95762 4.97436 5.21719 5.23132 5.21719 5.5483C5.21719 5.86528 4.95762 6.12224 4.63743 6.12224H4.25093C3.93075 6.12224 3.67118 5.86528 3.67118 5.5483ZM4.25093 11.0961C3.93075 11.0961 3.67118 11.3531 3.67118 11.6701C3.67118 11.987 3.93075 12.244 4.25093 12.244H4.63743C4.95762 12.244 5.21719 11.987 5.21719 11.6701C5.21719 11.3531 4.95762 11.0961 4.63743 11.0961H4.25093ZM3.67118 8.60985C3.67118 8.29287 3.93075 8.03591 4.25093 8.03591H4.63743C4.95762 8.03591 5.21719 8.29287 5.21719 8.60985C5.21719 8.92684 4.95762 9.1838 4.63743 9.1838H4.25093C3.93075 9.1838 3.67118 8.92684 3.67118 8.60985ZM4.25093 14.157C3.93075 14.157 3.67118 14.414 3.67118 14.731C3.67118 15.0479 3.93075 15.3049 4.25093 15.3049H4.63743C4.95762 15.3049 5.21719 15.0479 5.21719 14.731C5.21719 14.414 4.95762 14.157 4.63743 14.157H4.25093Z" fill="#EB0203"></path>
                        <path fill-rule="evenodd" clip-rule="evenodd" d="M14.6252 13.6363C13.4918 12.6215 11.7817 12.5264 10.6569 13.4792C9.12421 14.7764 9.34841 16.8912 10.4409 18.0122L14.0159 21.6742C14.2197 21.8832 14.4928 22 14.7822 22C15.0737 22 15.3448 21.8852 15.5486 21.6762L19.1236 18.0142C20.214 16.8933 20.4423 14.7785 18.9075 13.4792C17.7827 12.5283 16.0724 12.6217 14.9391 13.6365C14.8855 13.6845 14.8331 13.7345 14.7822 13.7866C14.7313 13.7345 14.6789 13.6843 14.6252 13.6363ZM18.1546 14.3522C19.0973 15.1508 18.9962 16.4896 18.2891 17.2173C18.2888 17.2175 18.2886 17.2177 18.2884 17.218L14.7832 20.8084L11.2753 17.2151C11.2752 17.215 11.2751 17.2149 11.2749 17.2148C10.5677 16.4887 10.4678 15.1495 11.4104 14.3518L11.4108 14.3514C12.0745 13.7892 13.2018 13.82 13.9488 14.5846L14.7822 15.4378L15.6157 14.5846C16.3617 13.8211 17.4896 13.79 18.1545 14.3521" fill="#EB0203"></path>
                        </svg>
                        <svg class="inactive-content" width="100%" height="100%" viewBox="0 0 20 23" fill="none" xmlns="http://www.w3.org/2000/svg">
                        <path fill-rule="evenodd" clip-rule="evenodd" d="M6.18408 5.77914C6.18408 5.46223 6.44363 5.20532 6.7638 5.20532H12.3678C12.6879 5.20532 12.9475 5.46223 12.9475 5.77914C12.9475 6.09606 12.6879 6.35297 12.3678 6.35297H6.7638C6.44363 6.35297 6.18408 6.09606 6.18408 5.77914Z" fill="#EB0203"></path>
                        <path fill-rule="evenodd" clip-rule="evenodd" d="M6.18408 11.9034C6.18408 11.5865 6.44363 11.3296 6.7638 11.3296H12.3678C12.6879 11.3296 12.9475 11.5865 12.9475 11.9034C12.9475 12.2202 12.6879 12.4771 12.3678 12.4771H6.7638C6.44363 12.4771 6.18408 12.2202 6.18408 11.9034Z" fill="#EB0203"></path>
                        <path fill-rule="evenodd" clip-rule="evenodd" d="M6.18408 8.84116C6.18408 8.52424 6.44363 8.26733 6.7638 8.26733H12.3678C12.6879 8.26733 12.9475 8.52424 12.9475 8.84116C12.9475 9.15807 12.6879 9.41498 12.3678 9.41498H6.7638C6.44363 9.41498 6.18408 9.15807 6.18408 8.84116Z" fill="#EB0203"></path>
                        <path fill-rule="evenodd" clip-rule="evenodd" d="M6.18408 14.9655C6.18408 14.6486 6.44363 14.3917 6.7638 14.3917H10.1455C10.4657 14.3917 10.7252 14.6486 10.7252 14.9655C10.7252 15.2825 10.4657 15.5394 10.1455 15.5394H6.7638C6.44363 15.5394 6.18408 15.2825 6.18408 14.9655Z" fill="#EB0203"></path>
                        <path fill-rule="evenodd" clip-rule="evenodd" d="M3.67139 5.77914C3.67139 5.46223 3.93094 5.20532 4.25111 5.20532H4.63759C4.95776 5.20532 5.21731 5.46223 5.21731 5.77914C5.21731 6.09606 4.95776 6.35297 4.63759 6.35297H4.25111C3.93094 6.35297 3.67139 6.09606 3.67139 5.77914Z" fill="#EB0203"></path>
                        <path fill-rule="evenodd" clip-rule="evenodd" d="M3.67139 11.9034C3.67139 11.5865 3.93094 11.3296 4.25111 11.3296H4.63759C4.95776 11.3296 5.21731 11.5865 5.21731 11.9034C5.21731 12.2202 4.95776 12.4771 4.63759 12.4771H4.25111C3.93094 12.4771 3.67139 12.2202 3.67139 11.9034Z" fill="#EB0203"></path>
                        <path fill-rule="evenodd" clip-rule="evenodd" d="M3.67139 8.84116C3.67139 8.52424 3.93094 8.26733 4.25111 8.26733H4.63759C4.95776 8.26733 5.21731 8.52424 5.21731 8.84116C5.21731 9.15807 4.95776 9.41498 4.63759 9.41498H4.25111C3.93094 9.41498 3.67139 9.15807 3.67139 8.84116Z" fill="#EB0203"></path>
                        <path fill-rule="evenodd" clip-rule="evenodd" d="M3.67139 14.9655C3.67139 14.6486 3.93094 14.3917 4.25111 14.3917H4.63759C4.95776 14.3917 5.21731 14.6486 5.21731 14.9655C5.21731 15.2825 4.95776 15.5394 4.63759 15.5394H4.25111C3.93094 15.5394 3.67139 15.2825 3.67139 14.9655Z" fill="#EB0203"></path>
                        <path fill-rule="evenodd" clip-rule="evenodd" d="M0 1.76033C0 0.914738 0.692131 0.229248 1.54592 0.229248H15.0727C15.9265 0.229248 16.6186 0.914738 16.6186 1.76033V11.2818C16.6186 11.5989 16.3591 11.8559 16.0389 11.8559C15.7187 11.8559 15.4592 11.5989 15.4592 11.2818V1.76033C15.4592 1.54893 15.2862 1.37756 15.0727 1.37756H1.54592C1.33247 1.37756 1.15944 1.54893 1.15944 1.76033V18.985C1.15944 19.1964 1.33247 19.3678 1.54592 19.3678H9.27551C9.59568 19.3678 9.85523 19.6249 9.85523 19.942C9.85523 20.2591 9.59568 20.5161 9.27551 20.5161H1.54592C0.692131 20.5161 0 19.8306 0 18.985V1.76033Z" fill="#EB0203"></path>
                        <path fill-rule="evenodd" clip-rule="evenodd" d="M14.6254 13.8718C13.4921 12.8567 11.7821 12.7615 10.6574 13.7147C9.12472 15.0124 9.34891 17.128 10.4413 18.2493L14.0161 21.9126C14.2199 22.1217 14.493 22.2386 14.7824 22.2386C15.0739 22.2386 15.3449 22.1238 15.5487 21.9147L19.1235 18.2514C20.2139 17.13 20.4422 15.0144 18.9075 13.7147C17.7827 12.7634 16.0726 12.8569 14.9392 13.872C14.8856 13.92 14.8333 13.9701 14.7824 14.0222C14.7314 13.97 14.6791 13.9199 14.6254 13.8718ZM18.1546 14.588C19.0972 15.3869 18.9961 16.7262 18.2891 17.4541C18.2888 17.4543 18.2886 17.4546 18.2884 17.4548L14.7834 21.0466L11.2757 17.452C11.2756 17.4519 11.2755 17.4517 11.2753 17.4516C10.5681 16.7252 10.4682 15.3856 11.4108 14.5876L11.4112 14.5872C12.0748 14.0248 13.202 14.0556 13.949 14.8205L14.7824 15.674L15.6158 14.8205C16.3618 14.0567 17.4896 14.0256 18.1545 14.5879" fill="#EB0203"></path>
                        </svg>
                        </button>
                        </div>
                        </div>
                        <p class="ct-tile--brand">Vidal</p>
                        <p class="ct-tile--quantity">emb. 180 gr</p>
                        </div>
                        <div class="ct-tile-bottom row no-gutters justify-content-between">
                        <div class="ct-price-wrap col-8 col-sm-12">
                        <div class="price js-product-price">
                        <div class="prices-wrapper">
                        <span class="sales ct-tile--price-primary ">
                        <span class="value" content="1.86">
                        <span class="ct-price-formatted">
                        €1,86
                        </span>
                        <span class="ct-m-unit">
                        /un
                        </span>
                        </span>
                        </span>
                        </div>
                        <div class="ct-tile--price-secondary">
                        <span class="ct-price-value">
                        €10,33
                        </span>
                        <span class="ct-m-unit">
                        /kg
                        </span>
                        </div>
                        <p class="ct-discount-amount ct-discount-amount-pvpr">PVP Recomendado: €2,49/un</p>
                        </div>
                        </div>
                        <div class="ct-tile-buy-section d-flex justify-content-center no-gutters col-auto col-sm-12">
                        <div class="col-2 d-sm-flex d-none">
                        <button class="wishlist-toggler guest-mode inactive button button--tertiary" data-pid="7457865" data-add-url="https://www.continente.pt/on/demandware.store/Sites-continente-Site/default/Wishlist-AddProduct?pid=7457865" data-toggle="tooltip" aria-label="Adicionar aos favoritos " data-original-title="Adicionar aos favoritos" data-placement="top" tabindex="-1">
                        <svg class="active-content" width="100%" height="100%" viewBox="0 0 20 22" fill="none" xmlns="http://www.w3.org/2000/svg">
                        <path fill-rule="evenodd" clip-rule="evenodd" d="M0 1.53052C0 0.685236 0.692171 0 1.54601 0H15.0736C15.9274 0 16.6196 0.685235 16.6196 1.53052V13.4064L15.8127 13.922L14.2658 14.2658L12.7189 13.4064L10.6054 14.3818C10.4994 14.2451 10.3327 14.157 10.1452 14.157H6.76329C6.4431 14.157 6.18354 14.414 6.18354 14.731C6.18354 15.0479 6.4431 15.3049 6.76329 15.3049H10.1452C10.2478 15.3049 10.3441 15.2785 10.4277 15.2322L10.3126 16.8439L13.2345 20.2793H1.54601C0.69217 20.2793 0 19.5941 0 18.7488V1.53052ZM6.18354 5.5483C6.18354 5.23132 6.4431 4.97436 6.76329 4.97436H12.3676C12.6878 4.97436 12.9473 5.23132 12.9473 5.5483C12.9473 5.86528 12.6878 6.12224 12.3676 6.12224H6.76329C6.4431 6.12224 6.18354 5.86528 6.18354 5.5483ZM6.76329 11.0961C6.4431 11.0961 6.18354 11.3531 6.18354 11.6701C6.18354 11.987 6.4431 12.244 6.76329 12.244H12.3676C12.6878 12.244 12.9473 11.987 12.9473 11.6701C12.9473 11.3531 12.6878 11.0961 12.3676 11.0961H6.76329ZM6.18354 8.60985C6.18354 8.29287 6.4431 8.03591 6.76329 8.03591H12.3676C12.6878 8.03591 12.9473 8.29287 12.9473 8.60985C12.9473 8.92684 12.6878 9.1838 12.3676 9.1838H6.76329C6.4431 9.1838 6.18354 8.92684 6.18354 8.60985ZM3.67118 5.5483C3.67118 5.23132 3.93075 4.97436 4.25093 4.97436H4.63743C4.95762 4.97436 5.21719 5.23132 5.21719 5.5483C5.21719 5.86528 4.95762 6.12224 4.63743 6.12224H4.25093C3.93075 6.12224 3.67118 5.86528 3.67118 5.5483ZM4.25093 11.0961C3.93075 11.0961 3.67118 11.3531 3.67118 11.6701C3.67118 11.987 3.93075 12.244 4.25093 12.244H4.63743C4.95762 12.244 5.21719 11.987 5.21719 11.6701C5.21719 11.3531 4.95762 11.0961 4.63743 11.0961H4.25093ZM3.67118 8.60985C3.67118 8.29287 3.93075 8.03591 4.25093 8.03591H4.63743C4.95762 8.03591 5.21719 8.29287 5.21719 8.60985C5.21719 8.92684 4.95762 9.1838 4.63743 9.1838H4.25093C3.93075 9.1838 3.67118 8.92684 3.67118 8.60985ZM4.25093 14.157C3.93075 14.157 3.67118 14.414 3.67118 14.731C3.67118 15.0479 3.93075 15.3049 4.25093 15.3049H4.63743C4.95762 15.3049 5.21719 15.0479 5.21719 14.731C5.21719 14.414 4.95762 14.157 4.63743 14.157H4.25093Z" fill="#EB0203"></path>
                        <path fill-rule="evenodd" clip-rule="evenodd" d="M14.6252 13.6363C13.4918 12.6215 11.7817 12.5264 10.6569 13.4792C9.12421 14.7764 9.34841 16.8912 10.4409 18.0122L14.0159 21.6742C14.2197 21.8832 14.4928 22 14.7822 22C15.0737 22 15.3448 21.8852 15.5486 21.6762L19.1236 18.0142C20.214 16.8933 20.4423 14.7785 18.9075 13.4792C17.7827 12.5283 16.0724 12.6217 14.9391 13.6365C14.8855 13.6845 14.8331 13.7345 14.7822 13.7866C14.7313 13.7345 14.6789 13.6843 14.6252 13.6363ZM18.1546 14.3522C19.0973 15.1508 18.9962 16.4896 18.2891 17.2173C18.2888 17.2175 18.2886 17.2177 18.2884 17.218L14.7832 20.8084L11.2753 17.2151C11.2752 17.215 11.2751 17.2149 11.2749 17.2148C10.5677 16.4887 10.4678 15.1495 11.4104 14.3518L11.4108 14.3514C12.0745 13.7892 13.2018 13.82 13.9488 14.5846L14.7822 15.4378L15.6157 14.5846C16.3617 13.8211 17.4896 13.79 18.1545 14.3521" fill="#EB0203"></path>
                        </svg>
                        <svg class="inactive-content" width="100%" height="100%" viewBox="0 0 20 23" fill="none" xmlns="http://www.w3.org/2000/svg">
                        <path fill-rule="evenodd" clip-rule="evenodd" d="M6.18408 5.77914C6.18408 5.46223 6.44363 5.20532 6.7638 5.20532H12.3678C12.6879 5.20532 12.9475 5.46223 12.9475 5.77914C12.9475 6.09606 12.6879 6.35297 12.3678 6.35297H6.7638C6.44363 6.35297 6.18408 6.09606 6.18408 5.77914Z" fill="#EB0203"></path>
                        <path fill-rule="evenodd" clip-rule="evenodd" d="M6.18408 11.9034C6.18408 11.5865 6.44363 11.3296 6.7638 11.3296H12.3678C12.6879 11.3296 12.9475 11.5865 12.9475 11.9034C12.9475 12.2202 12.6879 12.4771 12.3678 12.4771H6.7638C6.44363 12.4771 6.18408 12.2202 6.18408 11.9034Z" fill="#EB0203"></path>
                        <path fill-rule="evenodd" clip-rule="evenodd" d="M6.18408 8.84116C6.18408 8.52424 6.44363 8.26733 6.7638 8.26733H12.3678C12.6879 8.26733 12.9475 8.52424 12.9475 8.84116C12.9475 9.15807 12.6879 9.41498 12.3678 9.41498H6.7638C6.44363 9.41498 6.18408 9.15807 6.18408 8.84116Z" fill="#EB0203"></path>
                        <path fill-rule="evenodd" clip-rule="evenodd" d="M6.18408 14.9655C6.18408 14.6486 6.44363 14.3917 6.7638 14.3917H10.1455C10.4657 14.3917 10.7252 14.6486 10.7252 14.9655C10.7252 15.2825 10.4657 15.5394 10.1455 15.5394H6.7638C6.44363 15.5394 6.18408 15.2825 6.18408 14.9655Z" fill="#EB0203"></path>
                        <path fill-rule="evenodd" clip-rule="evenodd" d="M3.67139 5.77914C3.67139 5.46223 3.93094 5.20532 4.25111 5.20532H4.63759C4.95776 5.20532 5.21731 5.46223 5.21731 5.77914C5.21731 6.09606 4.95776 6.35297 4.63759 6.35297H4.25111C3.93094 6.35297 3.67139 6.09606 3.67139 5.77914Z" fill="#EB0203"></path>
                        <path fill-rule="evenodd" clip-rule="evenodd" d="M3.67139 11.9034C3.67139 11.5865 3.93094 11.3296 4.25111 11.3296H4.63759C4.95776 11.3296 5.21731 11.5865 5.21731 11.9034C5.21731 12.2202 4.95776 12.4771 4.63759 12.4771H4.25111C3.93094 12.4771 3.67139 12.2202 3.67139 11.9034Z" fill="#EB0203"></path>
                        <path fill-rule="evenodd" clip-rule="evenodd" d="M3.67139 8.84116C3.67139 8.52424 3.93094 8.26733 4.25111 8.26733H4.63759C4.95776 8.26733 5.21731 8.52424 5.21731 8.84116C5.21731 9.15807 4.95776 9.41498 4.63759 9.41498H4.25111C3.93094 9.41498 3.67139 9.15807 3.67139 8.84116Z" fill="#EB0203"></path>
                        <path fill-rule="evenodd" clip-rule="evenodd" d="M3.67139 14.9655C3.67139 14.6486 3.93094 14.3917 4.25111 14.3917H4.63759C4.95776 14.3917 5.21731 14.6486 5.21731 14.9655C5.21731 15.2825 4.95776 15.5394 4.63759 15.5394H4.25111C3.93094 15.5394 3.67139 15.2825 3.67139 14.9655Z" fill="#EB0203"></path>
                        <path fill-rule="evenodd" clip-rule="evenodd" d="M0 1.76033C0 0.914738 0.692131 0.229248 1.54592 0.229248H15.0727C15.9265 0.229248 16.6186 0.914738 16.6186 1.76033V11.2818C16.6186 11.5989 16.3591 11.8559 16.0389 11.8559C15.7187 11.8559 15.4592 11.5989 15.4592 11.2818V1.76033C15.4592 1.54893 15.2862 1.37756 15.0727 1.37756H1.54592C1.33247 1.37756 1.15944 1.54893 1.15944 1.76033V18.985C1.15944 19.1964 1.33247 19.3678 1.54592 19.3678H9.27551C9.59568 19.3678 9.85523 19.6249 9.85523 19.942C9.85523 20.2591 9.59568 20.5161 9.27551 20.5161H1.54592C0.692131 20.5161 0 19.8306 0 18.985V1.76033Z" fill="#EB0203"></path>
                        <path fill-rule="evenodd" clip-rule="evenodd" d="M14.6254 13.8718C13.4921 12.8567 11.7821 12.7615 10.6574 13.7147C9.12472 15.0124 9.34891 17.128 10.4413 18.2493L14.0161 21.9126C14.2199 22.1217 14.493 22.2386 14.7824 22.2386C15.0739 22.2386 15.3449 22.1238 15.5487 21.9147L19.1235 18.2514C20.2139 17.13 20.4422 15.0144 18.9075 13.7147C17.7827 12.7634 16.0726 12.8569 14.9392 13.872C14.8856 13.92 14.8333 13.9701 14.7824 14.0222C14.7314 13.97 14.6791 13.9199 14.6254 13.8718ZM18.1546 14.588C19.0972 15.3869 18.9961 16.7262 18.2891 17.4541C18.2888 17.4543 18.2886 17.4546 18.2884 17.4548L14.7834 21.0466L11.2757 17.452C11.2756 17.4519 11.2755 17.4517 11.2753 17.4516C10.5681 16.7252 10.4682 15.3856 11.4108 14.5876L11.4112 14.5872C12.0748 14.0248 13.202 14.0556 13.949 14.8205L14.7824 15.674L15.6158 14.8205C16.3618 14.0567 17.4896 14.0256 18.1545 14.5879" fill="#EB0203"></path>
                        </svg>
                        </button>
                        </div>
                        <div class="col-sm-10 col-12">
                        <div class="ct-tile-quantity d-none" data-pid="7457865">
                        <input type="hidden" class="add-to-cart-url" value="https://www.continente.pt/on/demandware.store/Sites-continente-Site/default/Cart-AddProduct" tabindex="-1">
                        <div class="d-none tile-delete-confirmation-btn" data-pid="7457865" data-delay-time="3000" data-in-cart-msg="no carrinho" data-one-product-added="Adicionado ao carrinho" data-remove-from-cart-msg="Removido do carrinho" data-stay-open="6000.0" data-confirmation-image="{&quot;url&quot;:&quot;https://www.continente.pt/dw/image/v2/BDVS_PRD/on/demandware.static/-/Sites-col-master-catalog/default/dw478e3406/images/col/745/7457865-frente.jpg?sw=87&amp;sh=80&quot;,&quot;fallbackimage&quot;:{&quot;url&quot;:&quot;https://www.continente.pt/dw/image/v2/BDVS_PRD/on/demandware.static/Sites-continente-Site/-/default/dw7c42b4da/images/noimagelarge_product.png?sw=87&amp;sh=80&quot;,&quot;title&quot;:&quot;Gomas Monster Mix&quot;,&quot;alt&quot;:&quot;Gomas Monster Mix&quot;},&quot;title&quot;:&quot;Gomas Monster Mix&quot;,&quot;alt&quot;:&quot;Gomas Monster Mix&quot;}"></div>
                        <div class="ct-tile-quantity-update quantity-update product-qty-vue" data-remove-action="https://www.continente.pt/on/demandware.store/Sites-continente-Site/default/Cart-RemoveProductLineItem" data-action="https://www.continente.pt/on/demandware.store/Sites-continente-Site/default/Cart-UpdateQuantity" data-dimension-update="https://www.continente.pt/on/demandware.store/Sites-continente-Site/default/Cart-DimensionUpdate" data-pid="7457865" data-uuid="6dc59efe62c0e9c78f7c785a22" data-add-delay="500.0" data-measure-options="{&quot;hasConversionRate&quot;:false,&quot;hasAlternativeSaleUnit&quot;:false,&quot;unitConversionRate&quot;:0,&quot;minOrderQuantity&quot;:1,&quot;stepQuantity&quot;:1,&quot;primaryunit&quot;:&quot;un&quot;,&quot;secondaryunit&quot;:&quot;kg&quot;,&quot;selectedunit&quot;:&quot;primary&quot;,&quot;maxNumberOfUnitsPerSale&quot;:50}" data-price-available="null" :data-has-error="isMaxQtyReached || isMinQtyReached || qtySelectedMoreThanOne">
                        <template v-show="prodUnits">
                        <div class="quantity-input-wrapper has-units">
                        <label class="visually-hidden" :for="'quantity-' + pid + additionalTag">
                        Quantidade no carrinho
                        </label>
                        <input :ref="'quantityInput-' + pid + additionalTag" class="add-to-cart-quantity form-control ct-form-input text-center" inputmode="numeric" :class="{'is-invalid': isInvalid}" :data-pid="pid + additionalTag" :name="'quantity-' + pid + additionalTag" type="text" aria-label="Insira a quantidade" title="" v-model="displayValue" @change="updateQuantity" @focus="updateQtyFormat" @blur="restoreQtyFormat" :disabled="!isPriceAvailable">
                        <span class="quantity-icon quantity-icon--minus">
                        <button class="decrease-quantity-btn" @click="updateQuantity" :disabled="!isPriceAvailable" role="button" aria-label="Reduzir quantidade">
                        <i class="css-math-minus"></i>
                        </button>
                        </span>
                        <span class="quantity-icon quantity-icon--plus">
                        <button class="increase-quantity-btn" @click="updateQuantity" :disabled="isMaxQtyReached || !isPriceAvailable" role="button" aria-label="Aumentar quantidade">
                        <i class="css-math-plus"></i>
                        </button>
                        <span class="quantity-btn-disabled-placeholder"></span>
                        </span>
                        <template v-if="isPDP">
                        <span class="quantity-error ct-span-error text-sm-center product-max-allocation" v-if="isMaxQtyReached">
                        Quantidade máxima atingida
                        </span>
                        <span class="quantity-error ct-span-product text-sm-center product-allocation" v-if="!isMinQtyReached &amp;&amp; !isMaxQtyReached">
                        {{quantitySelected}} no carrinho
                        </span>
                        <span class="quantity-error ct-span-error text-sm-center product-min-allocation" :data-pid="pid" v-if="isMinQtyReached &amp;&amp; !isMaxQtyReached">
                        Quantidade mínima atingida
                        </span>
                        </template>
                        </div>
                        <template v-if="showNotes">
                        <div class="add-note-link-container ">
                        <div class="add-note">
                        <a href="/produto/gomas-monster-mix-vidal-7457865.html?showNote=true" class="ct-add-note-redirect-pdp" aria-label="Adicionar comentário">
                        <span class="svg-wrapper svg-icon-notes" style="width:19px; height:20px">
                        <svg class="svg-inline icon-notes" viewBox="0 0 28 30" xmlns="http://www.w3.org/2000/svg" width="100%" height="100%"><path d="M21.738 0C22.985 0 24 1.04 24 2.319V12.47c0 .469-.37.848-.828.848-.457 0-.827-.38-.827-.848V2.32c0-.343-.273-.622-.607-.622H2.262c-.334 0-.607.279-.607.622V27.68c0 .343.273.622.607.622h7.81c.457 0 .827.38.827.849 0 .468-.37.848-.827.848h-7.81C1.015 30 0 28.96 0 27.681V2.32C0 1.04 1.015 0 2.262 0h19.476zm2.844 16.004l.227.007c.823.053 1.589.39 2.176.964.64.627.993 1.46.993 2.349 0 .888-.353 1.722-.993 2.348l-6.83 6.665c-.11.108-.247.186-.397.226l-5.032 1.363c-.078.021-.16.032-.241.032-.242 0-.478-.097-.647-.266-.23-.231-.314-.566-.218-.874l1.49-4.798c.044-.139.122-.266.227-.369l6.844-6.677c.64-.625 1.493-.97 2.401-.97zm-2.886 3.94l-4.922 4.802-.947 3.048 3.22-.872 4.897-4.78-2.248-2.197zm2.887-2.174c-.425 0-.824.162-1.124.455l-.484.472 2.248 2.197.484-.472c.62-.606.62-1.591 0-2.197l-.117-.104c-.283-.227-.636-.35-1.007-.35zm-10.839.022c.498 0 .904.396.904.883 0 .488-.406.884-.904.884H5.946c-.499 0-.904-.396-.904-.884 0-.487.405-.883.904-.883zm5.042-4.876c.498 0 .904.397.904.884s-.406.884-.904.884H5.946c-.499 0-.904-.397-.904-.884s.405-.884.904-.884zm0-4.875c.498 0 .904.396.904.884 0 .487-.406.883-.904.883H5.946c-.499 0-.904-.396-.904-.883 0-.488.405-.884.904-.884z" fill="#EB0203" fill-rule="evenodd"></path></svg>
                        </span>
                        <div class="available-note d-none"></div>
                        </a>
                        </div>
                        </div>
                        </template>
                        <div class="measurement-unit-section" v-if="isPriceAvailable &amp;&amp; prodUnits ? prodUnits.hasAlternativeUnit : false">
                        <div class="ct-form-radio" @click="setDimension">
                        <input type="radio" title="" class="ct-form-check-input product-measurement-unit" :data-type="prodUnits.selectedUnit == prodUnits.secondaryUnit ? 'primary' : ''" :id="prodUnits.secondaryUnit + '-' + pid + '-measurement-unit-ptile' + additionalTag" :name="'measurement-unit-' + pid + '-ptile' + additionalTag" :value="prodUnits.secondaryUnit" v-model="prodUnits.selectedUnit">
                        <label :class="prodUnits.secondaryUnit + '-label ct-form-check-label mb-0'" :for="prodUnits.secondaryUnit + '-' + pid + '-measurement-unit-ptile' + additionalTag">
                        {{prodUnits.secondaryUnit}}
                        </label>
                        <span class="checkmark"></span>
                        </div>
                        <div class="ct-form-radio" @click="setDimension">
                        <input type="radio" title="" class="ct-form-check-input product-measurement-unit" :data-type="prodUnits.selectedUnit == prodUnits.primaryUnit ? 'primary' : ''" :id="prodUnits.primaryUnit + '-' + pid + '-measurement-unit-ptile' + additionalTag" :name="'measurement-unit-' + pid + '-ptile' + additionalTag" :value="prodUnits.primaryUnit" v-model="prodUnits.selectedUnit">
                        <label :class="prodUnits.primaryUnit + '-label ct-form-check-label mb-0'" :for="prodUnits.primaryUnit + '-' + pid + '-measurement-unit-ptile' + additionalTag">
                        {{prodUnits.primaryUnit}}
                        </label>
                        <span class="checkmark"></span>
                        </div>
                        </div>
                        <template v-if="!isPDP &amp;&amp; isPriceAvailable">
                        <span class="quantity-error ct-span-error product-max-allocation" v-if="isMaxQtyReached">
                        Quantidade máxima atingida
                        </span>
                        <span class="quantity-error ct-span-product product-allocation" v-if="!isMinQtyReached &amp;&amp; !isMaxQtyReached">
                        {{quantitySelected}} no carrinho
                        </span>
                        <span class="quantity-error ct-span-error product-min-allocation" :data-pid="pid" v-if="isMinQtyReached &amp;&amp; !isMaxQtyReached">
                        Quantidade mínima atingida
                        </span>
                        </template>
                        </template>
                        </div>
                        <input class="quantity-value-mask d-none" name="quantity" type="number" min="0" value="" tabindex="-1">
                        </div>
                        <button type="button" class="add-to-cart button js-add-to-cart js-add-to-cart-tile 7457865 button--primary dynamic-layout-btn" data-toggle="modal" data-target="#chooseBonusProductModal" data-pid="7457865" data-quantity-value="null" aria-label="Carrinho" tabindex="-1">
                        <span class="d-block d-sm-none">
                        <span class="svg-wrapper svg-icon-cart" style="width:20px; height:20px">
                        <svg class="svg-inline icon-cart" xmlns="http://www.w3.org/2000/svg" viewBox="0 0 500 500" width="100%" height="100%"><path fill="#EB0203" fill-rule="evenodd" d="M 485.67317,94.386311 C 476.37798,83.847129 463.09468,78.03348 448.30404,78.03348 H 90.690813 L 87.079511,51.327997 C 83.185582,22.539551 62.962285,0 41.011841,0 H 14.727836 C 6.563151,0 0,6.5286975 0,14.580758 c 0,8.05206 6.5945535,14.580758 14.727836,14.580758 h 26.284005 c 4.710398,0 14.696435,9.855222 16.894619,26.021523 L 100.01739,368.0631 c 1.88416,13.77244 9.01256,26.70549 20.1605,36.37417 8.25889,7.15046 18.02511,11.9071 28.26237,13.89679 -4.17655,7.58572 -6.53175,16.25957 -6.53175,25.493 0,29.53459 24.27424,53.59751 54.13815,53.59751 29.8325,0 54.13814,-24.03184 54.13814,-53.59751 0,-8.79818 -2.19818,-17.09897 -5.9979,-24.43598 h 77.12488 c -3.79973,7.33701 -5.96652,15.6378 -5.96652,24.43598 0,29.53459 24.27424,53.59751 54.13817,53.59751 29.83249,0 54.13814,-24.03184 54.13814,-53.59751 0,-8.79818 -2.1982,-17.09897 -5.9979,-24.43598 h 38.56243 c 8.13328,0 14.72783,-6.5287 14.72783,-14.61183 0,-8.02098 -6.59455,-14.54967 -14.72783,-14.54967 H 159.24277 c -14.38241,0 -28.13677,-11.90711 -30.02092,-26.02153 l -3.07746,-22.88154 h 290.6314 c 14.03698,0 27.94834,-5.28513 39.06488,-14.95381 11.11652,-9.6376 18.27632,-22.57065 20.16048,-36.37417 l 21.10259,-156.78201 c 1.94694,-14.51858 -2.10398,-28.29103 -11.43057,-38.861299 z M 220.76053,443.82706 c 0,13.49265 -11.08513,24.46709 -24.68247,24.46709 -13.62874,0 -24.71387,-10.97444 -24.71387,-24.46709 0,-13.49262 11.08513,-24.43598 24.71387,-24.43598 13.59734,0 24.68247,10.94336 24.68247,24.43598 z m 173.43675,0 c 0,13.49265 -11.08512,24.46709 -24.68245,24.46709 -13.62876,0 -24.71388,-10.97444 -24.71388,-24.46709 0,-13.49262 11.08512,-24.43598 24.71388,-24.43598 13.59733,0 24.68245,10.94336 24.68245,24.43598 z m 73.7648,-314.46558 -21.13397,156.782 c -1.88416,14.11442 -15.63851,26.05261 -30.02091,26.05261 H 122.25046 L 94.616142,107.19499 H 448.33544 c 6.18632,0 11.61896,2.2695 15.23028,6.37326 3.64269,4.13484 5.21283,9.73086 4.39636,15.79323 z"></path></svg>
                        </span>
                        </span>
                        <span class="add-to-cart--text d-none d-sm-block">Carrinho</span>
                        </button>
                        </div>
                        </div>
                        </div>
                        </div>
                        
                        <div class="col-12 d-sm-none">
                        </div>
                        </div>
                        </div>
                        </div>
                        </div><div class="pd-tile-wrap slick-slide" data-idx="10" style="height: auto; width: 221px;" data-slick-index="9" aria-hidden="true" tabindex="-1" role="tabpanel" id="slick-slide19">
                        
                        <script type="text/javascript">//<!--
                        /* <![CDATA[ */
                        (function(){
                        try {
                            if(window.CQuotient) {
                                var cq_params = {};
                                cq_params.cookieId = window.CQuotient.getCQCookieId();
                                cq_params.userId = window.CQuotient.getCQUserId();
                                cq_params.emailId = CQuotient.getCQHashedEmail();
                                cq_params.loginId = CQuotient.getCQHashedLogin();
                                cq_params.accumulate = true;
                                cq_params.products = [{
                                    id: '7519437',
                                    sku: '',
                                    type: '',
                                    alt_id: ''
                                }];
                                cq_params.recommenderName = 'FOOD-MERCEARIA';
                                cq_params.realm = "BDVS";
                                cq_params.siteId = "continente";
                                cq_params.instanceType = "prd";
                                cq_params.locale = window.CQuotient.locale;
                                cq_params.slotId = 'col-category-product-recommendations';
                                cq_params.slotConfigId = 'FOOD Recommender Mercearia - Einstein';
                                cq_params.slotConfigTemplate = 'slots\/recommendation\/recommendedProductsCLP.isml';
                                if(window.CQuotient.sendActivity)
                                    window.CQuotient.sendActivity( CQuotient.clientId, 'viewReco', cq_params );
                                else
                                    window.CQuotient.activities.push( {activityType: 'viewReco', parameters: cq_params} );
                            }
                        } catch(err) {}
                        })();
                        /* ]]> */
                        // -->
                        </script>
                        <script type="text/javascript">//<!--
                        /* <![CDATA[ (viewProduct-active_data.js) */
                        dw.ac._capture({id: "7519437", type: "recommendation"});
                        /* ]]> */
                        // -->
                        </script>
                        <div class="product" data-pid="7519437">
                        <div class="product-tile pid-7519437   ct-product-tile " data-delay-time="3000" data-variants-mapping="[]" data-in-cart-msg="no carrinho" data-one-product-added="Adicionado ao carrinho" data-remove-from-cart-msg="Removido do carrinho" data-stay-open="6000.0" data-product-tile-impression="{&quot;name&quot;:&quot;7519437&quot;,&quot;id&quot;:&quot;7519437&quot;,&quot;price&quot;:2.29,&quot;brand&quot;:&quot;Lays Gourmet&quot;,&quot;category&quot;:[{&quot;category_level_1&quot;:&quot;Mercearia&quot;},{&quot;category_level_2&quot;:&quot;Snacks e Batatas Fritas&quot;},{&quot;category_level_3&quot;:&quot;Batatas Fritas&quot;}],&quot;variant&quot;:&quot;&quot;}">
                        <div class="ct-inner-tile-wrap row no-gutters justify-content-center align-content-start">
                        
                        <div class="ct-image-container col-4 col-sm" data-confirmation-image="{&quot;url&quot;:&quot;https://www.continente.pt/dw/image/v2/BDVS_PRD/on/demandware.static/-/Sites-col-master-catalog/default/dwf8e1fa0c/images/col/751/7519437-frente.jpg?sw=87&amp;sh=80&quot;,&quot;fallbackimage&quot;:{&quot;url&quot;:&quot;https://www.continente.pt/dw/image/v2/BDVS_PRD/on/demandware.static/Sites-continente-Site/-/default/dw7c42b4da/images/noimagelarge_product.png?sw=87&amp;sh=80&quot;,&quot;title&quot;:&quot;Batata Frita Gourmet Original&quot;,&quot;alt&quot;:&quot;Batata Frita Gourmet Original&quot;},&quot;title&quot;:&quot;Batata Frita Gourmet Original&quot;,&quot;alt&quot;:&quot;Batata Frita Gourmet Original&quot;}">
                        <a href="https://www.continente.pt/produto/batata-frita-gourmet-original-lays-gourmet-7519437.html?cgid=home" tabindex="-1">
                        <picture class="intrinsic intrinsic--square">
                        <img class="ct-tile-image lazyloaded" loading="lazy" onerror="this.onerror=null;this.src='/on/demandware.static/Sites-continente-Site/-/default/dw7c42b4da/images/noimagelarge_product.png';" data-src="https://www.continente.pt/dw/image/v2/BDVS_PRD/on/demandware.static/-/Sites-col-master-catalog/default/dwf8e1fa0c/images/col/751/7519437-frente.jpg?sw=280&amp;sh=280" alt="Batata Frita Gourmet Original" title="Batata Frita Gourmet Original" src="https://www.continente.pt/dw/image/v2/BDVS_PRD/on/demandware.static/-/Sites-col-master-catalog/default/dwf8e1fa0c/images/col/751/7519437-frente.jpg?sw=280&amp;sh=280">
                        </picture>
                        </a>
                        <div class="color-swatches d-flex" style="margin-left: 5px;">
                        <div class="swatches d-flex">
                        </div>
                        </div>
                        </div>
                        <div class="ct-tile-body col col-sm-auto ">
                        <div class="ct-pdp-details">
                        <div class="ct-pdp-link">
                        <a class="ct-tile--description" href="https://www.continente.pt/produto/batata-frita-gourmet-original-lays-gourmet-7519437.html?cgid=home" tabindex="-1">Batata Frita Gourmet Original</a>
                        <div class="ct-tile--favorite-top d-sm-none">
                        <button class="wishlist-toggler guest-mode inactive button button--tertiary" data-pid="7519437" data-add-url="https://www.continente.pt/on/demandware.store/Sites-continente-Site/default/Wishlist-AddProduct?pid=7519437" data-toggle="tooltip" aria-label="Adicionar aos favoritos " data-original-title="Adicionar aos favoritos" data-placement="top" tabindex="-1">
                        <svg class="active-content" width="100%" height="100%" viewBox="0 0 20 22" fill="none" xmlns="http://www.w3.org/2000/svg">
                        <path fill-rule="evenodd" clip-rule="evenodd" d="M0 1.53052C0 0.685236 0.692171 0 1.54601 0H15.0736C15.9274 0 16.6196 0.685235 16.6196 1.53052V13.4064L15.8127 13.922L14.2658 14.2658L12.7189 13.4064L10.6054 14.3818C10.4994 14.2451 10.3327 14.157 10.1452 14.157H6.76329C6.4431 14.157 6.18354 14.414 6.18354 14.731C6.18354 15.0479 6.4431 15.3049 6.76329 15.3049H10.1452C10.2478 15.3049 10.3441 15.2785 10.4277 15.2322L10.3126 16.8439L13.2345 20.2793H1.54601C0.69217 20.2793 0 19.5941 0 18.7488V1.53052ZM6.18354 5.5483C6.18354 5.23132 6.4431 4.97436 6.76329 4.97436H12.3676C12.6878 4.97436 12.9473 5.23132 12.9473 5.5483C12.9473 5.86528 12.6878 6.12224 12.3676 6.12224H6.76329C6.4431 6.12224 6.18354 5.86528 6.18354 5.5483ZM6.76329 11.0961C6.4431 11.0961 6.18354 11.3531 6.18354 11.6701C6.18354 11.987 6.4431 12.244 6.76329 12.244H12.3676C12.6878 12.244 12.9473 11.987 12.9473 11.6701C12.9473 11.3531 12.6878 11.0961 12.3676 11.0961H6.76329ZM6.18354 8.60985C6.18354 8.29287 6.4431 8.03591 6.76329 8.03591H12.3676C12.6878 8.03591 12.9473 8.29287 12.9473 8.60985C12.9473 8.92684 12.6878 9.1838 12.3676 9.1838H6.76329C6.4431 9.1838 6.18354 8.92684 6.18354 8.60985ZM3.67118 5.5483C3.67118 5.23132 3.93075 4.97436 4.25093 4.97436H4.63743C4.95762 4.97436 5.21719 5.23132 5.21719 5.5483C5.21719 5.86528 4.95762 6.12224 4.63743 6.12224H4.25093C3.93075 6.12224 3.67118 5.86528 3.67118 5.5483ZM4.25093 11.0961C3.93075 11.0961 3.67118 11.3531 3.67118 11.6701C3.67118 11.987 3.93075 12.244 4.25093 12.244H4.63743C4.95762 12.244 5.21719 11.987 5.21719 11.6701C5.21719 11.3531 4.95762 11.0961 4.63743 11.0961H4.25093ZM3.67118 8.60985C3.67118 8.29287 3.93075 8.03591 4.25093 8.03591H4.63743C4.95762 8.03591 5.21719 8.29287 5.21719 8.60985C5.21719 8.92684 4.95762 9.1838 4.63743 9.1838H4.25093C3.93075 9.1838 3.67118 8.92684 3.67118 8.60985ZM4.25093 14.157C3.93075 14.157 3.67118 14.414 3.67118 14.731C3.67118 15.0479 3.93075 15.3049 4.25093 15.3049H4.63743C4.95762 15.3049 5.21719 15.0479 5.21719 14.731C5.21719 14.414 4.95762 14.157 4.63743 14.157H4.25093Z" fill="#EB0203"></path>
                        <path fill-rule="evenodd" clip-rule="evenodd" d="M14.6252 13.6363C13.4918 12.6215 11.7817 12.5264 10.6569 13.4792C9.12421 14.7764 9.34841 16.8912 10.4409 18.0122L14.0159 21.6742C14.2197 21.8832 14.4928 22 14.7822 22C15.0737 22 15.3448 21.8852 15.5486 21.6762L19.1236 18.0142C20.214 16.8933 20.4423 14.7785 18.9075 13.4792C17.7827 12.5283 16.0724 12.6217 14.9391 13.6365C14.8855 13.6845 14.8331 13.7345 14.7822 13.7866C14.7313 13.7345 14.6789 13.6843 14.6252 13.6363ZM18.1546 14.3522C19.0973 15.1508 18.9962 16.4896 18.2891 17.2173C18.2888 17.2175 18.2886 17.2177 18.2884 17.218L14.7832 20.8084L11.2753 17.2151C11.2752 17.215 11.2751 17.2149 11.2749 17.2148C10.5677 16.4887 10.4678 15.1495 11.4104 14.3518L11.4108 14.3514C12.0745 13.7892 13.2018 13.82 13.9488 14.5846L14.7822 15.4378L15.6157 14.5846C16.3617 13.8211 17.4896 13.79 18.1545 14.3521" fill="#EB0203"></path>
                        </svg>
                        <svg class="inactive-content" width="100%" height="100%" viewBox="0 0 20 23" fill="none" xmlns="http://www.w3.org/2000/svg">
                        <path fill-rule="evenodd" clip-rule="evenodd" d="M6.18408 5.77914C6.18408 5.46223 6.44363 5.20532 6.7638 5.20532H12.3678C12.6879 5.20532 12.9475 5.46223 12.9475 5.77914C12.9475 6.09606 12.6879 6.35297 12.3678 6.35297H6.7638C6.44363 6.35297 6.18408 6.09606 6.18408 5.77914Z" fill="#EB0203"></path>
                        <path fill-rule="evenodd" clip-rule="evenodd" d="M6.18408 11.9034C6.18408 11.5865 6.44363 11.3296 6.7638 11.3296H12.3678C12.6879 11.3296 12.9475 11.5865 12.9475 11.9034C12.9475 12.2202 12.6879 12.4771 12.3678 12.4771H6.7638C6.44363 12.4771 6.18408 12.2202 6.18408 11.9034Z" fill="#EB0203"></path>
                        <path fill-rule="evenodd" clip-rule="evenodd" d="M6.18408 8.84116C6.18408 8.52424 6.44363 8.26733 6.7638 8.26733H12.3678C12.6879 8.26733 12.9475 8.52424 12.9475 8.84116C12.9475 9.15807 12.6879 9.41498 12.3678 9.41498H6.7638C6.44363 9.41498 6.18408 9.15807 6.18408 8.84116Z" fill="#EB0203"></path>
                        <path fill-rule="evenodd" clip-rule="evenodd" d="M6.18408 14.9655C6.18408 14.6486 6.44363 14.3917 6.7638 14.3917H10.1455C10.4657 14.3917 10.7252 14.6486 10.7252 14.9655C10.7252 15.2825 10.4657 15.5394 10.1455 15.5394H6.7638C6.44363 15.5394 6.18408 15.2825 6.18408 14.9655Z" fill="#EB0203"></path>
                        <path fill-rule="evenodd" clip-rule="evenodd" d="M3.67139 5.77914C3.67139 5.46223 3.93094 5.20532 4.25111 5.20532H4.63759C4.95776 5.20532 5.21731 5.46223 5.21731 5.77914C5.21731 6.09606 4.95776 6.35297 4.63759 6.35297H4.25111C3.93094 6.35297 3.67139 6.09606 3.67139 5.77914Z" fill="#EB0203"></path>
                        <path fill-rule="evenodd" clip-rule="evenodd" d="M3.67139 11.9034C3.67139 11.5865 3.93094 11.3296 4.25111 11.3296H4.63759C4.95776 11.3296 5.21731 11.5865 5.21731 11.9034C5.21731 12.2202 4.95776 12.4771 4.63759 12.4771H4.25111C3.93094 12.4771 3.67139 12.2202 3.67139 11.9034Z" fill="#EB0203"></path>
                        <path fill-rule="evenodd" clip-rule="evenodd" d="M3.67139 8.84116C3.67139 8.52424 3.93094 8.26733 4.25111 8.26733H4.63759C4.95776 8.26733 5.21731 8.52424 5.21731 8.84116C5.21731 9.15807 4.95776 9.41498 4.63759 9.41498H4.25111C3.93094 9.41498 3.67139 9.15807 3.67139 8.84116Z" fill="#EB0203"></path>
                        <path fill-rule="evenodd" clip-rule="evenodd" d="M3.67139 14.9655C3.67139 14.6486 3.93094 14.3917 4.25111 14.3917H4.63759C4.95776 14.3917 5.21731 14.6486 5.21731 14.9655C5.21731 15.2825 4.95776 15.5394 4.63759 15.5394H4.25111C3.93094 15.5394 3.67139 15.2825 3.67139 14.9655Z" fill="#EB0203"></path>
                        <path fill-rule="evenodd" clip-rule="evenodd" d="M0 1.76033C0 0.914738 0.692131 0.229248 1.54592 0.229248H15.0727C15.9265 0.229248 16.6186 0.914738 16.6186 1.76033V11.2818C16.6186 11.5989 16.3591 11.8559 16.0389 11.8559C15.7187 11.8559 15.4592 11.5989 15.4592 11.2818V1.76033C15.4592 1.54893 15.2862 1.37756 15.0727 1.37756H1.54592C1.33247 1.37756 1.15944 1.54893 1.15944 1.76033V18.985C1.15944 19.1964 1.33247 19.3678 1.54592 19.3678H9.27551C9.59568 19.3678 9.85523 19.6249 9.85523 19.942C9.85523 20.2591 9.59568 20.5161 9.27551 20.5161H1.54592C0.692131 20.5161 0 19.8306 0 18.985V1.76033Z" fill="#EB0203"></path>
                        <path fill-rule="evenodd" clip-rule="evenodd" d="M14.6254 13.8718C13.4921 12.8567 11.7821 12.7615 10.6574 13.7147C9.12472 15.0124 9.34891 17.128 10.4413 18.2493L14.0161 21.9126C14.2199 22.1217 14.493 22.2386 14.7824 22.2386C15.0739 22.2386 15.3449 22.1238 15.5487 21.9147L19.1235 18.2514C20.2139 17.13 20.4422 15.0144 18.9075 13.7147C17.7827 12.7634 16.0726 12.8569 14.9392 13.872C14.8856 13.92 14.8333 13.9701 14.7824 14.0222C14.7314 13.97 14.6791 13.9199 14.6254 13.8718ZM18.1546 14.588C19.0972 15.3869 18.9961 16.7262 18.2891 17.4541C18.2888 17.4543 18.2886 17.4546 18.2884 17.4548L14.7834 21.0466L11.2757 17.452C11.2756 17.4519 11.2755 17.4517 11.2753 17.4516C10.5681 16.7252 10.4682 15.3856 11.4108 14.5876L11.4112 14.5872C12.0748 14.0248 13.202 14.0556 13.949 14.8205L14.7824 15.674L15.6158 14.8205C16.3618 14.0567 17.4896 14.0256 18.1545 14.5879" fill="#EB0203"></path>
                        </svg>
                        </button>
                        </div>
                        </div>
                        <p class="ct-tile--brand">Lay's Gourmet</p>
                        <p class="ct-tile--quantity">emb. 170 gr</p>
                        </div>
                        <div class="ct-tile-bottom row no-gutters justify-content-between">
                        <div class="ct-price-wrap col-8 col-sm-12">
                        <div class="price js-product-price">
                        <div class="prices-wrapper">
                        <span class="sales ct-tile--price-primary ">
                        <span class="value" content="2.29">
                        <span class="ct-price-formatted">
                        €2,29
                        </span>
                        <span class="ct-m-unit">
                        /un
                        </span>
                        </span>
                        </span>
                        </div>
                        <div class="ct-tile--price-secondary">
                        <span class="ct-price-value">
                        €13,47
                        </span>
                        <span class="ct-m-unit">
                        /kg
                        </span>
                        </div>
                        </div>
                        </div>
                        <div class="ct-tile-buy-section d-flex justify-content-center no-gutters col-auto col-sm-12">
                        <div class="col-2 d-sm-flex d-none">
                        <button class="wishlist-toggler guest-mode inactive button button--tertiary" data-pid="7519437" data-add-url="https://www.continente.pt/on/demandware.store/Sites-continente-Site/default/Wishlist-AddProduct?pid=7519437" data-toggle="tooltip" aria-label="Adicionar aos favoritos " data-original-title="Adicionar aos favoritos" data-placement="top" tabindex="-1">
                        <svg class="active-content" width="100%" height="100%" viewBox="0 0 20 22" fill="none" xmlns="http://www.w3.org/2000/svg">
                        <path fill-rule="evenodd" clip-rule="evenodd" d="M0 1.53052C0 0.685236 0.692171 0 1.54601 0H15.0736C15.9274 0 16.6196 0.685235 16.6196 1.53052V13.4064L15.8127 13.922L14.2658 14.2658L12.7189 13.4064L10.6054 14.3818C10.4994 14.2451 10.3327 14.157 10.1452 14.157H6.76329C6.4431 14.157 6.18354 14.414 6.18354 14.731C6.18354 15.0479 6.4431 15.3049 6.76329 15.3049H10.1452C10.2478 15.3049 10.3441 15.2785 10.4277 15.2322L10.3126 16.8439L13.2345 20.2793H1.54601C0.69217 20.2793 0 19.5941 0 18.7488V1.53052ZM6.18354 5.5483C6.18354 5.23132 6.4431 4.97436 6.76329 4.97436H12.3676C12.6878 4.97436 12.9473 5.23132 12.9473 5.5483C12.9473 5.86528 12.6878 6.12224 12.3676 6.12224H6.76329C6.4431 6.12224 6.18354 5.86528 6.18354 5.5483ZM6.76329 11.0961C6.4431 11.0961 6.18354 11.3531 6.18354 11.6701C6.18354 11.987 6.4431 12.244 6.76329 12.244H12.3676C12.6878 12.244 12.9473 11.987 12.9473 11.6701C12.9473 11.3531 12.6878 11.0961 12.3676 11.0961H6.76329ZM6.18354 8.60985C6.18354 8.29287 6.4431 8.03591 6.76329 8.03591H12.3676C12.6878 8.03591 12.9473 8.29287 12.9473 8.60985C12.9473 8.92684 12.6878 9.1838 12.3676 9.1838H6.76329C6.4431 9.1838 6.18354 8.92684 6.18354 8.60985ZM3.67118 5.5483C3.67118 5.23132 3.93075 4.97436 4.25093 4.97436H4.63743C4.95762 4.97436 5.21719 5.23132 5.21719 5.5483C5.21719 5.86528 4.95762 6.12224 4.63743 6.12224H4.25093C3.93075 6.12224 3.67118 5.86528 3.67118 5.5483ZM4.25093 11.0961C3.93075 11.0961 3.67118 11.3531 3.67118 11.6701C3.67118 11.987 3.93075 12.244 4.25093 12.244H4.63743C4.95762 12.244 5.21719 11.987 5.21719 11.6701C5.21719 11.3531 4.95762 11.0961 4.63743 11.0961H4.25093ZM3.67118 8.60985C3.67118 8.29287 3.93075 8.03591 4.25093 8.03591H4.63743C4.95762 8.03591 5.21719 8.29287 5.21719 8.60985C5.21719 8.92684 4.95762 9.1838 4.63743 9.1838H4.25093C3.93075 9.1838 3.67118 8.92684 3.67118 8.60985ZM4.25093 14.157C3.93075 14.157 3.67118 14.414 3.67118 14.731C3.67118 15.0479 3.93075 15.3049 4.25093 15.3049H4.63743C4.95762 15.3049 5.21719 15.0479 5.21719 14.731C5.21719 14.414 4.95762 14.157 4.63743 14.157H4.25093Z" fill="#EB0203"></path>
                        <path fill-rule="evenodd" clip-rule="evenodd" d="M14.6252 13.6363C13.4918 12.6215 11.7817 12.5264 10.6569 13.4792C9.12421 14.7764 9.34841 16.8912 10.4409 18.0122L14.0159 21.6742C14.2197 21.8832 14.4928 22 14.7822 22C15.0737 22 15.3448 21.8852 15.5486 21.6762L19.1236 18.0142C20.214 16.8933 20.4423 14.7785 18.9075 13.4792C17.7827 12.5283 16.0724 12.6217 14.9391 13.6365C14.8855 13.6845 14.8331 13.7345 14.7822 13.7866C14.7313 13.7345 14.6789 13.6843 14.6252 13.6363ZM18.1546 14.3522C19.0973 15.1508 18.9962 16.4896 18.2891 17.2173C18.2888 17.2175 18.2886 17.2177 18.2884 17.218L14.7832 20.8084L11.2753 17.2151C11.2752 17.215 11.2751 17.2149 11.2749 17.2148C10.5677 16.4887 10.4678 15.1495 11.4104 14.3518L11.4108 14.3514C12.0745 13.7892 13.2018 13.82 13.9488 14.5846L14.7822 15.4378L15.6157 14.5846C16.3617 13.8211 17.4896 13.79 18.1545 14.3521" fill="#EB0203"></path>
                        </svg>
                        <svg class="inactive-content" width="100%" height="100%" viewBox="0 0 20 23" fill="none" xmlns="http://www.w3.org/2000/svg">
                        <path fill-rule="evenodd" clip-rule="evenodd" d="M6.18408 5.77914C6.18408 5.46223 6.44363 5.20532 6.7638 5.20532H12.3678C12.6879 5.20532 12.9475 5.46223 12.9475 5.77914C12.9475 6.09606 12.6879 6.35297 12.3678 6.35297H6.7638C6.44363 6.35297 6.18408 6.09606 6.18408 5.77914Z" fill="#EB0203"></path>
                        <path fill-rule="evenodd" clip-rule="evenodd" d="M6.18408 11.9034C6.18408 11.5865 6.44363 11.3296 6.7638 11.3296H12.3678C12.6879 11.3296 12.9475 11.5865 12.9475 11.9034C12.9475 12.2202 12.6879 12.4771 12.3678 12.4771H6.7638C6.44363 12.4771 6.18408 12.2202 6.18408 11.9034Z" fill="#EB0203"></path>
                        <path fill-rule="evenodd" clip-rule="evenodd" d="M6.18408 8.84116C6.18408 8.52424 6.44363 8.26733 6.7638 8.26733H12.3678C12.6879 8.26733 12.9475 8.52424 12.9475 8.84116C12.9475 9.15807 12.6879 9.41498 12.3678 9.41498H6.7638C6.44363 9.41498 6.18408 9.15807 6.18408 8.84116Z" fill="#EB0203"></path>
                        <path fill-rule="evenodd" clip-rule="evenodd" d="M6.18408 14.9655C6.18408 14.6486 6.44363 14.3917 6.7638 14.3917H10.1455C10.4657 14.3917 10.7252 14.6486 10.7252 14.9655C10.7252 15.2825 10.4657 15.5394 10.1455 15.5394H6.7638C6.44363 15.5394 6.18408 15.2825 6.18408 14.9655Z" fill="#EB0203"></path>
                        <path fill-rule="evenodd" clip-rule="evenodd" d="M3.67139 5.77914C3.67139 5.46223 3.93094 5.20532 4.25111 5.20532H4.63759C4.95776 5.20532 5.21731 5.46223 5.21731 5.77914C5.21731 6.09606 4.95776 6.35297 4.63759 6.35297H4.25111C3.93094 6.35297 3.67139 6.09606 3.67139 5.77914Z" fill="#EB0203"></path>
                        <path fill-rule="evenodd" clip-rule="evenodd" d="M3.67139 11.9034C3.67139 11.5865 3.93094 11.3296 4.25111 11.3296H4.63759C4.95776 11.3296 5.21731 11.5865 5.21731 11.9034C5.21731 12.2202 4.95776 12.4771 4.63759 12.4771H4.25111C3.93094 12.4771 3.67139 12.2202 3.67139 11.9034Z" fill="#EB0203"></path>
                        <path fill-rule="evenodd" clip-rule="evenodd" d="M3.67139 8.84116C3.67139 8.52424 3.93094 8.26733 4.25111 8.26733H4.63759C4.95776 8.26733 5.21731 8.52424 5.21731 8.84116C5.21731 9.15807 4.95776 9.41498 4.63759 9.41498H4.25111C3.93094 9.41498 3.67139 9.15807 3.67139 8.84116Z" fill="#EB0203"></path>
                        <path fill-rule="evenodd" clip-rule="evenodd" d="M3.67139 14.9655C3.67139 14.6486 3.93094 14.3917 4.25111 14.3917H4.63759C4.95776 14.3917 5.21731 14.6486 5.21731 14.9655C5.21731 15.2825 4.95776 15.5394 4.63759 15.5394H4.25111C3.93094 15.5394 3.67139 15.2825 3.67139 14.9655Z" fill="#EB0203"></path>
                        <path fill-rule="evenodd" clip-rule="evenodd" d="M0 1.76033C0 0.914738 0.692131 0.229248 1.54592 0.229248H15.0727C15.9265 0.229248 16.6186 0.914738 16.6186 1.76033V11.2818C16.6186 11.5989 16.3591 11.8559 16.0389 11.8559C15.7187 11.8559 15.4592 11.5989 15.4592 11.2818V1.76033C15.4592 1.54893 15.2862 1.37756 15.0727 1.37756H1.54592C1.33247 1.37756 1.15944 1.54893 1.15944 1.76033V18.985C1.15944 19.1964 1.33247 19.3678 1.54592 19.3678H9.27551C9.59568 19.3678 9.85523 19.6249 9.85523 19.942C9.85523 20.2591 9.59568 20.5161 9.27551 20.5161H1.54592C0.692131 20.5161 0 19.8306 0 18.985V1.76033Z" fill="#EB0203"></path>
                        <path fill-rule="evenodd" clip-rule="evenodd" d="M14.6254 13.8718C13.4921 12.8567 11.7821 12.7615 10.6574 13.7147C9.12472 15.0124 9.34891 17.128 10.4413 18.2493L14.0161 21.9126C14.2199 22.1217 14.493 22.2386 14.7824 22.2386C15.0739 22.2386 15.3449 22.1238 15.5487 21.9147L19.1235 18.2514C20.2139 17.13 20.4422 15.0144 18.9075 13.7147C17.7827 12.7634 16.0726 12.8569 14.9392 13.872C14.8856 13.92 14.8333 13.9701 14.7824 14.0222C14.7314 13.97 14.6791 13.9199 14.6254 13.8718ZM18.1546 14.588C19.0972 15.3869 18.9961 16.7262 18.2891 17.4541C18.2888 17.4543 18.2886 17.4546 18.2884 17.4548L14.7834 21.0466L11.2757 17.452C11.2756 17.4519 11.2755 17.4517 11.2753 17.4516C10.5681 16.7252 10.4682 15.3856 11.4108 14.5876L11.4112 14.5872C12.0748 14.0248 13.202 14.0556 13.949 14.8205L14.7824 15.674L15.6158 14.8205C16.3618 14.0567 17.4896 14.0256 18.1545 14.5879" fill="#EB0203"></path>
                        </svg>
                        </button>
                        </div>
                        <div class="col-sm-10 col-12">
                        <div class="ct-tile-quantity d-none" data-pid="7519437">
                        <input type="hidden" class="add-to-cart-url" value="https://www.continente.pt/on/demandware.store/Sites-continente-Site/default/Cart-AddProduct" tabindex="-1">
                        <div class="d-none tile-delete-confirmation-btn" data-pid="7519437" data-delay-time="3000" data-in-cart-msg="no carrinho" data-one-product-added="Adicionado ao carrinho" data-remove-from-cart-msg="Removido do carrinho" data-stay-open="6000.0" data-confirmation-image="{&quot;url&quot;:&quot;https://www.continente.pt/dw/image/v2/BDVS_PRD/on/demandware.static/-/Sites-col-master-catalog/default/dwf8e1fa0c/images/col/751/7519437-frente.jpg?sw=87&amp;sh=80&quot;,&quot;fallbackimage&quot;:{&quot;url&quot;:&quot;https://www.continente.pt/dw/image/v2/BDVS_PRD/on/demandware.static/Sites-continente-Site/-/default/dw7c42b4da/images/noimagelarge_product.png?sw=87&amp;sh=80&quot;,&quot;title&quot;:&quot;Batata Frita Gourmet Original&quot;,&quot;alt&quot;:&quot;Batata Frita Gourmet Original&quot;},&quot;title&quot;:&quot;Batata Frita Gourmet Original&quot;,&quot;alt&quot;:&quot;Batata Frita Gourmet Original&quot;}"></div>
                        <div class="ct-tile-quantity-update quantity-update product-qty-vue" data-remove-action="https://www.continente.pt/on/demandware.store/Sites-continente-Site/default/Cart-RemoveProductLineItem" data-action="https://www.continente.pt/on/demandware.store/Sites-continente-Site/default/Cart-UpdateQuantity" data-dimension-update="https://www.continente.pt/on/demandware.store/Sites-continente-Site/default/Cart-DimensionUpdate" data-pid="7519437" data-uuid="9d258ef5ea80142a6c114095b1" data-add-delay="500.0" data-measure-options="{&quot;hasConversionRate&quot;:false,&quot;hasAlternativeSaleUnit&quot;:false,&quot;unitConversionRate&quot;:0,&quot;minOrderQuantity&quot;:1,&quot;stepQuantity&quot;:1,&quot;primaryunit&quot;:&quot;un&quot;,&quot;secondaryunit&quot;:&quot;kg&quot;,&quot;selectedunit&quot;:&quot;primary&quot;,&quot;maxNumberOfUnitsPerSale&quot;:50}" data-price-available="null" :data-has-error="isMaxQtyReached || isMinQtyReached || qtySelectedMoreThanOne">
                        <template v-show="prodUnits">
                        <div class="quantity-input-wrapper has-units">
                        <label class="visually-hidden" :for="'quantity-' + pid + additionalTag">
                        Quantidade no carrinho
                        </label>
                        <input :ref="'quantityInput-' + pid + additionalTag" class="add-to-cart-quantity form-control ct-form-input text-center" inputmode="numeric" :class="{'is-invalid': isInvalid}" :data-pid="pid + additionalTag" :name="'quantity-' + pid + additionalTag" type="text" aria-label="Insira a quantidade" title="" v-model="displayValue" @change="updateQuantity" @focus="updateQtyFormat" @blur="restoreQtyFormat" :disabled="!isPriceAvailable">
                        <span class="quantity-icon quantity-icon--minus">
                        <button class="decrease-quantity-btn" @click="updateQuantity" :disabled="!isPriceAvailable" role="button" aria-label="Reduzir quantidade">
                        <i class="css-math-minus"></i>
                        </button>
                        </span>
                        <span class="quantity-icon quantity-icon--plus">
                        <button class="increase-quantity-btn" @click="updateQuantity" :disabled="isMaxQtyReached || !isPriceAvailable" role="button" aria-label="Aumentar quantidade">
                        <i class="css-math-plus"></i>
                        </button>
                        <span class="quantity-btn-disabled-placeholder"></span>
                        </span>
                        <template v-if="isPDP">
                        <span class="quantity-error ct-span-error text-sm-center product-max-allocation" v-if="isMaxQtyReached">
                        Quantidade máxima atingida
                        </span>
                        <span class="quantity-error ct-span-product text-sm-center product-allocation" v-if="!isMinQtyReached &amp;&amp; !isMaxQtyReached">
                        {{quantitySelected}} no carrinho
                        </span>
                        <span class="quantity-error ct-span-error text-sm-center product-min-allocation" :data-pid="pid" v-if="isMinQtyReached &amp;&amp; !isMaxQtyReached">
                        Quantidade mínima atingida
                        </span>
                        </template>
                        </div>
                        <template v-if="showNotes">
                        <div class="add-note-link-container ">
                        <div class="add-note">
                        <a href="/produto/batata-frita-gourmet-original-lays-gourmet-7519437.html?showNote=true" class="ct-add-note-redirect-pdp" aria-label="Adicionar comentário">
                        <span class="svg-wrapper svg-icon-notes" style="width:19px; height:20px">
                        <svg class="svg-inline icon-notes" viewBox="0 0 28 30" xmlns="http://www.w3.org/2000/svg" width="100%" height="100%"><path d="M21.738 0C22.985 0 24 1.04 24 2.319V12.47c0 .469-.37.848-.828.848-.457 0-.827-.38-.827-.848V2.32c0-.343-.273-.622-.607-.622H2.262c-.334 0-.607.279-.607.622V27.68c0 .343.273.622.607.622h7.81c.457 0 .827.38.827.849 0 .468-.37.848-.827.848h-7.81C1.015 30 0 28.96 0 27.681V2.32C0 1.04 1.015 0 2.262 0h19.476zm2.844 16.004l.227.007c.823.053 1.589.39 2.176.964.64.627.993 1.46.993 2.349 0 .888-.353 1.722-.993 2.348l-6.83 6.665c-.11.108-.247.186-.397.226l-5.032 1.363c-.078.021-.16.032-.241.032-.242 0-.478-.097-.647-.266-.23-.231-.314-.566-.218-.874l1.49-4.798c.044-.139.122-.266.227-.369l6.844-6.677c.64-.625 1.493-.97 2.401-.97zm-2.886 3.94l-4.922 4.802-.947 3.048 3.22-.872 4.897-4.78-2.248-2.197zm2.887-2.174c-.425 0-.824.162-1.124.455l-.484.472 2.248 2.197.484-.472c.62-.606.62-1.591 0-2.197l-.117-.104c-.283-.227-.636-.35-1.007-.35zm-10.839.022c.498 0 .904.396.904.883 0 .488-.406.884-.904.884H5.946c-.499 0-.904-.396-.904-.884 0-.487.405-.883.904-.883zm5.042-4.876c.498 0 .904.397.904.884s-.406.884-.904.884H5.946c-.499 0-.904-.397-.904-.884s.405-.884.904-.884zm0-4.875c.498 0 .904.396.904.884 0 .487-.406.883-.904.883H5.946c-.499 0-.904-.396-.904-.883 0-.488.405-.884.904-.884z" fill="#EB0203" fill-rule="evenodd"></path></svg>
                        </span>
                        <div class="available-note d-none"></div>
                        </a>
                        </div>
                        </div>
                        </template>
                        <div class="measurement-unit-section" v-if="isPriceAvailable &amp;&amp; prodUnits ? prodUnits.hasAlternativeUnit : false">
                        <div class="ct-form-radio" @click="setDimension">
                        <input type="radio" title="" class="ct-form-check-input product-measurement-unit" :data-type="prodUnits.selectedUnit == prodUnits.secondaryUnit ? 'primary' : ''" :id="prodUnits.secondaryUnit + '-' + pid + '-measurement-unit-ptile' + additionalTag" :name="'measurement-unit-' + pid + '-ptile' + additionalTag" :value="prodUnits.secondaryUnit" v-model="prodUnits.selectedUnit">
                        <label :class="prodUnits.secondaryUnit + '-label ct-form-check-label mb-0'" :for="prodUnits.secondaryUnit + '-' + pid + '-measurement-unit-ptile' + additionalTag">
                        {{prodUnits.secondaryUnit}}
                        </label>
                        <span class="checkmark"></span>
                        </div>
                        <div class="ct-form-radio" @click="setDimension">
                        <input type="radio" title="" class="ct-form-check-input product-measurement-unit" :data-type="prodUnits.selectedUnit == prodUnits.primaryUnit ? 'primary' : ''" :id="prodUnits.primaryUnit + '-' + pid + '-measurement-unit-ptile' + additionalTag" :name="'measurement-unit-' + pid + '-ptile' + additionalTag" :value="prodUnits.primaryUnit" v-model="prodUnits.selectedUnit">
                        <label :class="prodUnits.primaryUnit + '-label ct-form-check-label mb-0'" :for="prodUnits.primaryUnit + '-' + pid + '-measurement-unit-ptile' + additionalTag">
                        {{prodUnits.primaryUnit}}
                        </label>
                        <span class="checkmark"></span>
                        </div>
                        </div>
                        <template v-if="!isPDP &amp;&amp; isPriceAvailable">
                        <span class="quantity-error ct-span-error product-max-allocation" v-if="isMaxQtyReached">
                        Quantidade máxima atingida
                        </span>
                        <span class="quantity-error ct-span-product product-allocation" v-if="!isMinQtyReached &amp;&amp; !isMaxQtyReached">
                        {{quantitySelected}} no carrinho
                        </span>
                        <span class="quantity-error ct-span-error product-min-allocation" :data-pid="pid" v-if="isMinQtyReached &amp;&amp; !isMaxQtyReached">
                        Quantidade mínima atingida
                        </span>
                        </template>
                        </template>
                        </div>
                        <input class="quantity-value-mask d-none" name="quantity" type="number" min="0" value="" tabindex="-1">
                        </div>
                        <button type="button" class="add-to-cart button js-add-to-cart js-add-to-cart-tile 7519437 button--primary dynamic-layout-btn" data-toggle="modal" data-target="#chooseBonusProductModal" data-pid="7519437" data-quantity-value="null" aria-label="Carrinho" tabindex="-1">
                        
                        <span class="d-block d-sm-none">
                        <span class="svg-wrapper svg-icon-cart" style="width:20px; height:20px">
                        <svg class="svg-inline icon-cart" xmlns="http://www.w3.org/2000/svg" viewBox="0 0 500 500" width="100%" height="100%"><path fill="#EB0203" fill-rule="evenodd" d="M 485.67317,94.386311 C 476.37798,83.847129 463.09468,78.03348 448.30404,78.03348 H 90.690813 L 87.079511,51.327997 C 83.185582,22.539551 62.962285,0 41.011841,0 H 14.727836 C 6.563151,0 0,6.5286975 0,14.580758 c 0,8.05206 6.5945535,14.580758 14.727836,14.580758 h 26.284005 c 4.710398,0 14.696435,9.855222 16.894619,26.021523 L 100.01739,368.0631 c 1.88416,13.77244 9.01256,26.70549 20.1605,36.37417 8.25889,7.15046 18.02511,11.9071 28.26237,13.89679 -4.17655,7.58572 -6.53175,16.25957 -6.53175,25.493 0,29.53459 24.27424,53.59751 54.13815,53.59751 29.8325,0 54.13814,-24.03184 54.13814,-53.59751 0,-8.79818 -2.19818,-17.09897 -5.9979,-24.43598 h 77.12488 c -3.79973,7.33701 -5.96652,15.6378 -5.96652,24.43598 0,29.53459 24.27424,53.59751 54.13817,53.59751 29.83249,0 54.13814,-24.03184 54.13814,-53.59751 0,-8.79818 -2.1982,-17.09897 -5.9979,-24.43598 h 38.56243 c 8.13328,0 14.72783,-6.5287 14.72783,-14.61183 0,-8.02098 -6.59455,-14.54967 -14.72783,-14.54967 H 159.24277 c -14.38241,0 -28.13677,-11.90711 -30.02092,-26.02153 l -3.07746,-22.88154 h 290.6314 c 14.03698,0 27.94834,-5.28513 39.06488,-14.95381 11.11652,-9.6376 18.27632,-22.57065 20.16048,-36.37417 l 21.10259,-156.78201 c 1.94694,-14.51858 -2.10398,-28.29103 -11.43057,-38.861299 z M 220.76053,443.82706 c 0,13.49265 -11.08513,24.46709 -24.68247,24.46709 -13.62874,0 -24.71387,-10.97444 -24.71387,-24.46709 0,-13.49262 11.08513,-24.43598 24.71387,-24.43598 13.59734,0 24.68247,10.94336 24.68247,24.43598 z m 173.43675,0 c 0,13.49265 -11.08512,24.46709 -24.68245,24.46709 -13.62876,0 -24.71388,-10.97444 -24.71388,-24.46709 0,-13.49262 11.08512,-24.43598 24.71388,-24.43598 13.59733,0 24.68245,10.94336 24.68245,24.43598 z m 73.7648,-314.46558 -21.13397,156.782 c -1.88416,14.11442 -15.63851,26.05261 -30.02091,26.05261 H 122.25046 L 94.616142,107.19499 H 448.33544 c 6.18632,0 11.61896,2.2695 15.23028,6.37326 3.64269,4.13484 5.21283,9.73086 4.39636,15.79323 z"></path></svg>
                        </span>
                        </span>
                        <span class="add-to-cart--text d-none d-sm-block">Carrinho</span>
                        </button>
                        </div>
                        </div>
                        </div>
                        </div>
                        
                        <div class="col-12 d-sm-none">
                        </div>
                        </div>
                        </div>
                        </div>
                        </div><div class="pd-tile-wrap slick-slide slick-cloned" data-idx="1" style="height: auto; width: 221px;" data-slick-index="10" id="" aria-hidden="true" tabindex="-1">
                        
                        <script type="text/javascript">//<!--
                        /* <![CDATA[ */
                        (function(){
                        try {
                            if(window.CQuotient) {
                                var cq_params = {};
                                cq_params.cookieId = window.CQuotient.getCQCookieId();
                                cq_params.userId = window.CQuotient.getCQUserId();
                                cq_params.emailId = CQuotient.getCQHashedEmail();
                                cq_params.loginId = CQuotient.getCQHashedLogin();
                                cq_params.accumulate = true;
                                cq_params.products = [{
                                    id: '7106089',
                                    sku: '',
                                    type: '',
                                    alt_id: ''
                                }];
                                cq_params.recommenderName = 'FOOD-MERCEARIA';
                                cq_params.realm = "BDVS";
                                cq_params.siteId = "continente";
                                cq_params.instanceType = "prd";
                                cq_params.locale = window.CQuotient.locale;
                                cq_params.slotId = 'col-category-product-recommendations';
                                cq_params.slotConfigId = 'FOOD Recommender Mercearia - Einstein';
                                cq_params.slotConfigTemplate = 'slots\/recommendation\/recommendedProductsCLP.isml';
                                if(window.CQuotient.sendActivity)
                                    window.CQuotient.sendActivity( CQuotient.clientId, 'viewReco', cq_params );
                                else
                                    window.CQuotient.activities.push( {activityType: 'viewReco', parameters: cq_params} );
                            }
                        } catch(err) {}
                        })();
                        /* ]]> */
                        // -->
                        </script>
                        <script type="text/javascript">//<!--
                        /* <![CDATA[ (viewProduct-active_data.js) */
                        dw.ac._capture({id: "7106089", type: "recommendation"});
                        /* ]]> */
                        // -->
                        </script>
                        <div class="product" data-pid="7106089">
                        <div class="product-tile pid-7106089   ct-product-tile " data-delay-time="3000" data-variants-mapping="[]" data-in-cart-msg="no carrinho" data-one-product-added="Adicionado ao carrinho" data-remove-from-cart-msg="Removido do carrinho" data-stay-open="6000.0" data-product-tile-impression="{&quot;name&quot;:&quot;7106089&quot;,&quot;id&quot;:&quot;7106089&quot;,&quot;price&quot;:1.48,&quot;brand&quot;:&quot;Lays Gourmet&quot;,&quot;category&quot;:[{&quot;category_level_1&quot;:&quot;Mercearia&quot;},{&quot;category_level_2&quot;:&quot;Snacks e Batatas Fritas&quot;},{&quot;category_level_3&quot;:&quot;Batatas Fritas&quot;}],&quot;variant&quot;:&quot;&quot;}">
                        <div class="ct-inner-tile-wrap row no-gutters justify-content-center align-content-start">
                        <div class="ct-product-tile-badge ct-product-tile-badge--promotional">
                        <img class="img-fluid lazyloaded" loading="lazy" data-src="https://www.continente.pt/dw/image/v2/BDVS_PRD/on/demandware.static/-/Sites-continente-Library/default/dwf5980f2e/images/badges/pvpr/col/pvpr.png?sw=60&amp;sh=42" alt="PVP Recomendado: €2,29/un" title="PVP Recomendado: €2,29/un" src="https://www.continente.pt/dw/image/v2/BDVS_PRD/on/demandware.static/-/Sites-continente-Library/default/dwf5980f2e/images/badges/pvpr/col/pvpr.png?sw=60&amp;sh=42">
                        <div class="ct-product-tile-badge-value-wrapper ct-product-tile-badge-value-wrapper--pvpr  ">
                        <span class="ct-product-tile-badge-value--pvpr">
                        35
                        </span>
                        <span class="ct-product-tile-badge-value--pvpr-quantifier ">
                        %
                        </span>
                        </div>
                        </div>
                        
                        
                        <div class="ct-image-container col-4 col-sm" data-confirmation-image="{&quot;url&quot;:&quot;https://www.continente.pt/dw/image/v2/BDVS_PRD/on/demandware.static/-/Sites-col-master-catalog/default/dw2ccb81cd/images/col/710/7106089-frente.jpg?sw=87&amp;sh=80&quot;,&quot;fallbackimage&quot;:{&quot;url&quot;:&quot;https://www.continente.pt/dw/image/v2/BDVS_PRD/on/demandware.static/Sites-continente-Site/-/default/dw7c42b4da/images/noimagelarge_product.png?sw=87&amp;sh=80&quot;,&quot;title&quot;:&quot;Batata Frita Gourmet Lisa Corte Fino&quot;,&quot;alt&quot;:&quot;Batata Frita Gourmet Lisa Corte Fino&quot;},&quot;title&quot;:&quot;Batata Frita Gourmet Lisa Corte Fino&quot;,&quot;alt&quot;:&quot;Batata Frita Gourmet Lisa Corte Fino&quot;}">
                        <a href="https://www.continente.pt/produto/batata-frita-gourmet-lisa-corte-fino-lays-gourmet-7106089.html?cgid=home" tabindex="-1">
                        <picture class="intrinsic intrinsic--square">
                        <img class="ct-tile-image lazyloaded" loading="lazy" onerror="this.onerror=null;this.src='/on/demandware.static/Sites-continente-Site/-/default/dw7c42b4da/images/noimagelarge_product.png';" data-src="https://www.continente.pt/dw/image/v2/BDVS_PRD/on/demandware.static/-/Sites-col-master-catalog/default/dw2ccb81cd/images/col/710/7106089-frente.jpg?sw=280&amp;sh=280" alt="Batata Frita Gourmet Lisa Corte Fino" title="Batata Frita Gourmet Lisa Corte Fino" src="https://www.continente.pt/dw/image/v2/BDVS_PRD/on/demandware.static/-/Sites-col-master-catalog/default/dw2ccb81cd/images/col/710/7106089-frente.jpg?sw=280&amp;sh=280">
                        </picture>
                        </a>
                        <div class="color-swatches d-flex" style="margin-left: 5px;">
                        <div class="swatches d-flex">
                        </div>
                        </div>
                        </div>
                        <div class="ct-tile-body col col-sm-auto ">
                        <div class="ct-pdp-details">
                        <div class="ct-pdp-link">
                        <a class="ct-tile--description" href="https://www.continente.pt/produto/batata-frita-gourmet-lisa-corte-fino-lays-gourmet-7106089.html?cgid=home" tabindex="-1">Batata Frita Gourmet Lisa Corte Fino</a>
                        <div class="ct-tile--favorite-top d-sm-none">
                        <button class="wishlist-toggler guest-mode inactive button button--tertiary" data-pid="7106089" data-add-url="https://www.continente.pt/on/demandware.store/Sites-continente-Site/default/Wishlist-AddProduct?pid=7106089" data-toggle="tooltip" aria-label="Adicionar aos favoritos " data-original-title="Adicionar aos favoritos" data-placement="top" tabindex="-1">
                        <svg class="active-content" width="100%" height="100%" viewBox="0 0 20 22" fill="none" xmlns="http://www.w3.org/2000/svg">
                        <path fill-rule="evenodd" clip-rule="evenodd" d="M0 1.53052C0 0.685236 0.692171 0 1.54601 0H15.0736C15.9274 0 16.6196 0.685235 16.6196 1.53052V13.4064L15.8127 13.922L14.2658 14.2658L12.7189 13.4064L10.6054 14.3818C10.4994 14.2451 10.3327 14.157 10.1452 14.157H6.76329C6.4431 14.157 6.18354 14.414 6.18354 14.731C6.18354 15.0479 6.4431 15.3049 6.76329 15.3049H10.1452C10.2478 15.3049 10.3441 15.2785 10.4277 15.2322L10.3126 16.8439L13.2345 20.2793H1.54601C0.69217 20.2793 0 19.5941 0 18.7488V1.53052ZM6.18354 5.5483C6.18354 5.23132 6.4431 4.97436 6.76329 4.97436H12.3676C12.6878 4.97436 12.9473 5.23132 12.9473 5.5483C12.9473 5.86528 12.6878 6.12224 12.3676 6.12224H6.76329C6.4431 6.12224 6.18354 5.86528 6.18354 5.5483ZM6.76329 11.0961C6.4431 11.0961 6.18354 11.3531 6.18354 11.6701C6.18354 11.987 6.4431 12.244 6.76329 12.244H12.3676C12.6878 12.244 12.9473 11.987 12.9473 11.6701C12.9473 11.3531 12.6878 11.0961 12.3676 11.0961H6.76329ZM6.18354 8.60985C6.18354 8.29287 6.4431 8.03591 6.76329 8.03591H12.3676C12.6878 8.03591 12.9473 8.29287 12.9473 8.60985C12.9473 8.92684 12.6878 9.1838 12.3676 9.1838H6.76329C6.4431 9.1838 6.18354 8.92684 6.18354 8.60985ZM3.67118 5.5483C3.67118 5.23132 3.93075 4.97436 4.25093 4.97436H4.63743C4.95762 4.97436 5.21719 5.23132 5.21719 5.5483C5.21719 5.86528 4.95762 6.12224 4.63743 6.12224H4.25093C3.93075 6.12224 3.67118 5.86528 3.67118 5.5483ZM4.25093 11.0961C3.93075 11.0961 3.67118 11.3531 3.67118 11.6701C3.67118 11.987 3.93075 12.244 4.25093 12.244H4.63743C4.95762 12.244 5.21719 11.987 5.21719 11.6701C5.21719 11.3531 4.95762 11.0961 4.63743 11.0961H4.25093ZM3.67118 8.60985C3.67118 8.29287 3.93075 8.03591 4.25093 8.03591H4.63743C4.95762 8.03591 5.21719 8.29287 5.21719 8.60985C5.21719 8.92684 4.95762 9.1838 4.63743 9.1838H4.25093C3.93075 9.1838 3.67118 8.92684 3.67118 8.60985ZM4.25093 14.157C3.93075 14.157 3.67118 14.414 3.67118 14.731C3.67118 15.0479 3.93075 15.3049 4.25093 15.3049H4.63743C4.95762 15.3049 5.21719 15.0479 5.21719 14.731C5.21719 14.414 4.95762 14.157 4.63743 14.157H4.25093Z" fill="#EB0203"></path>
                        <path fill-rule="evenodd" clip-rule="evenodd" d="M14.6252 13.6363C13.4918 12.6215 11.7817 12.5264 10.6569 13.4792C9.12421 14.7764 9.34841 16.8912 10.4409 18.0122L14.0159 21.6742C14.2197 21.8832 14.4928 22 14.7822 22C15.0737 22 15.3448 21.8852 15.5486 21.6762L19.1236 18.0142C20.214 16.8933 20.4423 14.7785 18.9075 13.4792C17.7827 12.5283 16.0724 12.6217 14.9391 13.6365C14.8855 13.6845 14.8331 13.7345 14.7822 13.7866C14.7313 13.7345 14.6789 13.6843 14.6252 13.6363ZM18.1546 14.3522C19.0973 15.1508 18.9962 16.4896 18.2891 17.2173C18.2888 17.2175 18.2886 17.2177 18.2884 17.218L14.7832 20.8084L11.2753 17.2151C11.2752 17.215 11.2751 17.2149 11.2749 17.2148C10.5677 16.4887 10.4678 15.1495 11.4104 14.3518L11.4108 14.3514C12.0745 13.7892 13.2018 13.82 13.9488 14.5846L14.7822 15.4378L15.6157 14.5846C16.3617 13.8211 17.4896 13.79 18.1545 14.3521" fill="#EB0203"></path>
                        </svg>
                        <svg class="inactive-content" width="100%" height="100%" viewBox="0 0 20 23" fill="none" xmlns="http://www.w3.org/2000/svg">
                        <path fill-rule="evenodd" clip-rule="evenodd" d="M6.18408 5.77914C6.18408 5.46223 6.44363 5.20532 6.7638 5.20532H12.3678C12.6879 5.20532 12.9475 5.46223 12.9475 5.77914C12.9475 6.09606 12.6879 6.35297 12.3678 6.35297H6.7638C6.44363 6.35297 6.18408 6.09606 6.18408 5.77914Z" fill="#EB0203"></path>
                        <path fill-rule="evenodd" clip-rule="evenodd" d="M6.18408 11.9034C6.18408 11.5865 6.44363 11.3296 6.7638 11.3296H12.3678C12.6879 11.3296 12.9475 11.5865 12.9475 11.9034C12.9475 12.2202 12.6879 12.4771 12.3678 12.4771H6.7638C6.44363 12.4771 6.18408 12.2202 6.18408 11.9034Z" fill="#EB0203"></path>
                        <path fill-rule="evenodd" clip-rule="evenodd" d="M6.18408 8.84116C6.18408 8.52424 6.44363 8.26733 6.7638 8.26733H12.3678C12.6879 8.26733 12.9475 8.52424 12.9475 8.84116C12.9475 9.15807 12.6879 9.41498 12.3678 9.41498H6.7638C6.44363 9.41498 6.18408 9.15807 6.18408 8.84116Z" fill="#EB0203"></path>
                        <path fill-rule="evenodd" clip-rule="evenodd" d="M6.18408 14.9655C6.18408 14.6486 6.44363 14.3917 6.7638 14.3917H10.1455C10.4657 14.3917 10.7252 14.6486 10.7252 14.9655C10.7252 15.2825 10.4657 15.5394 10.1455 15.5394H6.7638C6.44363 15.5394 6.18408 15.2825 6.18408 14.9655Z" fill="#EB0203"></path>
                        <path fill-rule="evenodd" clip-rule="evenodd" d="M3.67139 5.77914C3.67139 5.46223 3.93094 5.20532 4.25111 5.20532H4.63759C4.95776 5.20532 5.21731 5.46223 5.21731 5.77914C5.21731 6.09606 4.95776 6.35297 4.63759 6.35297H4.25111C3.93094 6.35297 3.67139 6.09606 3.67139 5.77914Z" fill="#EB0203"></path>
                        <path fill-rule="evenodd" clip-rule="evenodd" d="M3.67139 11.9034C3.67139 11.5865 3.93094 11.3296 4.25111 11.3296H4.63759C4.95776 11.3296 5.21731 11.5865 5.21731 11.9034C5.21731 12.2202 4.95776 12.4771 4.63759 12.4771H4.25111C3.93094 12.4771 3.67139 12.2202 3.67139 11.9034Z" fill="#EB0203"></path>
                        <path fill-rule="evenodd" clip-rule="evenodd" d="M3.67139 8.84116C3.67139 8.52424 3.93094 8.26733 4.25111 8.26733H4.63759C4.95776 8.26733 5.21731 8.52424 5.21731 8.84116C5.21731 9.15807 4.95776 9.41498 4.63759 9.41498H4.25111C3.93094 9.41498 3.67139 9.15807 3.67139 8.84116Z" fill="#EB0203"></path>
                        <path fill-rule="evenodd" clip-rule="evenodd" d="M3.67139 14.9655C3.67139 14.6486 3.93094 14.3917 4.25111 14.3917H4.63759C4.95776 14.3917 5.21731 14.6486 5.21731 14.9655C5.21731 15.2825 4.95776 15.5394 4.63759 15.5394H4.25111C3.93094 15.5394 3.67139 15.2825 3.67139 14.9655Z" fill="#EB0203"></path>
                        <path fill-rule="evenodd" clip-rule="evenodd" d="M0 1.76033C0 0.914738 0.692131 0.229248 1.54592 0.229248H15.0727C15.9265 0.229248 16.6186 0.914738 16.6186 1.76033V11.2818C16.6186 11.5989 16.3591 11.8559 16.0389 11.8559C15.7187 11.8559 15.4592 11.5989 15.4592 11.2818V1.76033C15.4592 1.54893 15.2862 1.37756 15.0727 1.37756H1.54592C1.33247 1.37756 1.15944 1.54893 1.15944 1.76033V18.985C1.15944 19.1964 1.33247 19.3678 1.54592 19.3678H9.27551C9.59568 19.3678 9.85523 19.6249 9.85523 19.942C9.85523 20.2591 9.59568 20.5161 9.27551 20.5161H1.54592C0.692131 20.5161 0 19.8306 0 18.985V1.76033Z" fill="#EB0203"></path>
                        <path fill-rule="evenodd" clip-rule="evenodd" d="M14.6254 13.8718C13.4921 12.8567 11.7821 12.7615 10.6574 13.7147C9.12472 15.0124 9.34891 17.128 10.4413 18.2493L14.0161 21.9126C14.2199 22.1217 14.493 22.2386 14.7824 22.2386C15.0739 22.2386 15.3449 22.1238 15.5487 21.9147L19.1235 18.2514C20.2139 17.13 20.4422 15.0144 18.9075 13.7147C17.7827 12.7634 16.0726 12.8569 14.9392 13.872C14.8856 13.92 14.8333 13.9701 14.7824 14.0222C14.7314 13.97 14.6791 13.9199 14.6254 13.8718ZM18.1546 14.588C19.0972 15.3869 18.9961 16.7262 18.2891 17.4541C18.2888 17.4543 18.2886 17.4546 18.2884 17.4548L14.7834 21.0466L11.2757 17.452C11.2756 17.4519 11.2755 17.4517 11.2753 17.4516C10.5681 16.7252 10.4682 15.3856 11.4108 14.5876L11.4112 14.5872C12.0748 14.0248 13.202 14.0556 13.949 14.8205L14.7824 15.674L15.6158 14.8205C16.3618 14.0567 17.4896 14.0256 18.1545 14.5879" fill="#EB0203"></path>
                        </svg>
                        </button>
                        </div>
                        </div>
                        <p class="ct-tile--brand">Lay's Gourmet</p>
                        <p class="ct-tile--quantity">emb. 150 gr</p>
                        </div>
                        <div class="ct-tile-bottom row no-gutters justify-content-between">
                        <div class="ct-price-wrap col-8 col-sm-12">
                        <div class="price js-product-price">
                        <div class="prices-wrapper">
                        <span class="sales ct-tile--price-primary ">
                        <span class="value" content="1.48">
                        <span class="ct-price-formatted">
                        €1,48
                        </span>
                        <span class="ct-m-unit">
                        /un
                        </span>
                        </span>
                        </span>
                        </div>
                        <div class="ct-tile--price-secondary">
                        <span class="ct-price-value">
                        €9,87
                        </span>
                        <span class="ct-m-unit">
                        /kg
                        </span>
                        </div>
                        <p class="ct-discount-amount ct-discount-amount-pvpr">PVP Recomendado: €2,29/un</p>
                        </div>
                        </div>
                        <div class="ct-tile-buy-section d-flex justify-content-center no-gutters col-auto col-sm-12">
                        <div class="col-2 d-sm-flex d-none">
                        <button class="wishlist-toggler guest-mode inactive button button--tertiary" data-pid="7106089" data-add-url="https://www.continente.pt/on/demandware.store/Sites-continente-Site/default/Wishlist-AddProduct?pid=7106089" data-toggle="tooltip" aria-label="Adicionar aos favoritos " data-original-title="Adicionar aos favoritos" data-placement="top" tabindex="-1">
                        <svg class="active-content" width="100%" height="100%" viewBox="0 0 20 22" fill="none" xmlns="http://www.w3.org/2000/svg">
                        <path fill-rule="evenodd" clip-rule="evenodd" d="M0 1.53052C0 0.685236 0.692171 0 1.54601 0H15.0736C15.9274 0 16.6196 0.685235 16.6196 1.53052V13.4064L15.8127 13.922L14.2658 14.2658L12.7189 13.4064L10.6054 14.3818C10.4994 14.2451 10.3327 14.157 10.1452 14.157H6.76329C6.4431 14.157 6.18354 14.414 6.18354 14.731C6.18354 15.0479 6.4431 15.3049 6.76329 15.3049H10.1452C10.2478 15.3049 10.3441 15.2785 10.4277 15.2322L10.3126 16.8439L13.2345 20.2793H1.54601C0.69217 20.2793 0 19.5941 0 18.7488V1.53052ZM6.18354 5.5483C6.18354 5.23132 6.4431 4.97436 6.76329 4.97436H12.3676C12.6878 4.97436 12.9473 5.23132 12.9473 5.5483C12.9473 5.86528 12.6878 6.12224 12.3676 6.12224H6.76329C6.4431 6.12224 6.18354 5.86528 6.18354 5.5483ZM6.76329 11.0961C6.4431 11.0961 6.18354 11.3531 6.18354 11.6701C6.18354 11.987 6.4431 12.244 6.76329 12.244H12.3676C12.6878 12.244 12.9473 11.987 12.9473 11.6701C12.9473 11.3531 12.6878 11.0961 12.3676 11.0961H6.76329ZM6.18354 8.60985C6.18354 8.29287 6.4431 8.03591 6.76329 8.03591H12.3676C12.6878 8.03591 12.9473 8.29287 12.9473 8.60985C12.9473 8.92684 12.6878 9.1838 12.3676 9.1838H6.76329C6.4431 9.1838 6.18354 8.92684 6.18354 8.60985ZM3.67118 5.5483C3.67118 5.23132 3.93075 4.97436 4.25093 4.97436H4.63743C4.95762 4.97436 5.21719 5.23132 5.21719 5.5483C5.21719 5.86528 4.95762 6.12224 4.63743 6.12224H4.25093C3.93075 6.12224 3.67118 5.86528 3.67118 5.5483ZM4.25093 11.0961C3.93075 11.0961 3.67118 11.3531 3.67118 11.6701C3.67118 11.987 3.93075 12.244 4.25093 12.244H4.63743C4.95762 12.244 5.21719 11.987 5.21719 11.6701C5.21719 11.3531 4.95762 11.0961 4.63743 11.0961H4.25093ZM3.67118 8.60985C3.67118 8.29287 3.93075 8.03591 4.25093 8.03591H4.63743C4.95762 8.03591 5.21719 8.29287 5.21719 8.60985C5.21719 8.92684 4.95762 9.1838 4.63743 9.1838H4.25093C3.93075 9.1838 3.67118 8.92684 3.67118 8.60985ZM4.25093 14.157C3.93075 14.157 3.67118 14.414 3.67118 14.731C3.67118 15.0479 3.93075 15.3049 4.25093 15.3049H4.63743C4.95762 15.3049 5.21719 15.0479 5.21719 14.731C5.21719 14.414 4.95762 14.157 4.63743 14.157H4.25093Z" fill="#EB0203"></path>
                        <path fill-rule="evenodd" clip-rule="evenodd" d="M14.6252 13.6363C13.4918 12.6215 11.7817 12.5264 10.6569 13.4792C9.12421 14.7764 9.34841 16.8912 10.4409 18.0122L14.0159 21.6742C14.2197 21.8832 14.4928 22 14.7822 22C15.0737 22 15.3448 21.8852 15.5486 21.6762L19.1236 18.0142C20.214 16.8933 20.4423 14.7785 18.9075 13.4792C17.7827 12.5283 16.0724 12.6217 14.9391 13.6365C14.8855 13.6845 14.8331 13.7345 14.7822 13.7866C14.7313 13.7345 14.6789 13.6843 14.6252 13.6363ZM18.1546 14.3522C19.0973 15.1508 18.9962 16.4896 18.2891 17.2173C18.2888 17.2175 18.2886 17.2177 18.2884 17.218L14.7832 20.8084L11.2753 17.2151C11.2752 17.215 11.2751 17.2149 11.2749 17.2148C10.5677 16.4887 10.4678 15.1495 11.4104 14.3518L11.4108 14.3514C12.0745 13.7892 13.2018 13.82 13.9488 14.5846L14.7822 15.4378L15.6157 14.5846C16.3617 13.8211 17.4896 13.79 18.1545 14.3521" fill="#EB0203"></path>
                        </svg>
                        <svg class="inactive-content" width="100%" height="100%" viewBox="0 0 20 23" fill="none" xmlns="http://www.w3.org/2000/svg">
                        <path fill-rule="evenodd" clip-rule="evenodd" d="M6.18408 5.77914C6.18408 5.46223 6.44363 5.20532 6.7638 5.20532H12.3678C12.6879 5.20532 12.9475 5.46223 12.9475 5.77914C12.9475 6.09606 12.6879 6.35297 12.3678 6.35297H6.7638C6.44363 6.35297 6.18408 6.09606 6.18408 5.77914Z" fill="#EB0203"></path>
                        <path fill-rule="evenodd" clip-rule="evenodd" d="M6.18408 11.9034C6.18408 11.5865 6.44363 11.3296 6.7638 11.3296H12.3678C12.6879 11.3296 12.9475 11.5865 12.9475 11.9034C12.9475 12.2202 12.6879 12.4771 12.3678 12.4771H6.7638C6.44363 12.4771 6.18408 12.2202 6.18408 11.9034Z" fill="#EB0203"></path>
                        <path fill-rule="evenodd" clip-rule="evenodd" d="M6.18408 8.84116C6.18408 8.52424 6.44363 8.26733 6.7638 8.26733H12.3678C12.6879 8.26733 12.9475 8.52424 12.9475 8.84116C12.9475 9.15807 12.6879 9.41498 12.3678 9.41498H6.7638C6.44363 9.41498 6.18408 9.15807 6.18408 8.84116Z" fill="#EB0203"></path>
                        <path fill-rule="evenodd" clip-rule="evenodd" d="M6.18408 14.9655C6.18408 14.6486 6.44363 14.3917 6.7638 14.3917H10.1455C10.4657 14.3917 10.7252 14.6486 10.7252 14.9655C10.7252 15.2825 10.4657 15.5394 10.1455 15.5394H6.7638C6.44363 15.5394 6.18408 15.2825 6.18408 14.9655Z" fill="#EB0203"></path>
                        <path fill-rule="evenodd" clip-rule="evenodd" d="M3.67139 5.77914C3.67139 5.46223 3.93094 5.20532 4.25111 5.20532H4.63759C4.95776 5.20532 5.21731 5.46223 5.21731 5.77914C5.21731 6.09606 4.95776 6.35297 4.63759 6.35297H4.25111C3.93094 6.35297 3.67139 6.09606 3.67139 5.77914Z" fill="#EB0203"></path>
                        <path fill-rule="evenodd" clip-rule="evenodd" d="M3.67139 11.9034C3.67139 11.5865 3.93094 11.3296 4.25111 11.3296H4.63759C4.95776 11.3296 5.21731 11.5865 5.21731 11.9034C5.21731 12.2202 4.95776 12.4771 4.63759 12.4771H4.25111C3.93094 12.4771 3.67139 12.2202 3.67139 11.9034Z" fill="#EB0203"></path>
                        <path fill-rule="evenodd" clip-rule="evenodd" d="M3.67139 8.84116C3.67139 8.52424 3.93094 8.26733 4.25111 8.26733H4.63759C4.95776 8.26733 5.21731 8.52424 5.21731 8.84116C5.21731 9.15807 4.95776 9.41498 4.63759 9.41498H4.25111C3.93094 9.41498 3.67139 9.15807 3.67139 8.84116Z" fill="#EB0203"></path>
                        <path fill-rule="evenodd" clip-rule="evenodd" d="M3.67139 14.9655C3.67139 14.6486 3.93094 14.3917 4.25111 14.3917H4.63759C4.95776 14.3917 5.21731 14.6486 5.21731 14.9655C5.21731 15.2825 4.95776 15.5394 4.63759 15.5394H4.25111C3.93094 15.5394 3.67139 15.2825 3.67139 14.9655Z" fill="#EB0203"></path>
                        <path fill-rule="evenodd" clip-rule="evenodd" d="M0 1.76033C0 0.914738 0.692131 0.229248 1.54592 0.229248H15.0727C15.9265 0.229248 16.6186 0.914738 16.6186 1.76033V11.2818C16.6186 11.5989 16.3591 11.8559 16.0389 11.8559C15.7187 11.8559 15.4592 11.5989 15.4592 11.2818V1.76033C15.4592 1.54893 15.2862 1.37756 15.0727 1.37756H1.54592C1.33247 1.37756 1.15944 1.54893 1.15944 1.76033V18.985C1.15944 19.1964 1.33247 19.3678 1.54592 19.3678H9.27551C9.59568 19.3678 9.85523 19.6249 9.85523 19.942C9.85523 20.2591 9.59568 20.5161 9.27551 20.5161H1.54592C0.692131 20.5161 0 19.8306 0 18.985V1.76033Z" fill="#EB0203"></path>
                        <path fill-rule="evenodd" clip-rule="evenodd" d="M14.6254 13.8718C13.4921 12.8567 11.7821 12.7615 10.6574 13.7147C9.12472 15.0124 9.34891 17.128 10.4413 18.2493L14.0161 21.9126C14.2199 22.1217 14.493 22.2386 14.7824 22.2386C15.0739 22.2386 15.3449 22.1238 15.5487 21.9147L19.1235 18.2514C20.2139 17.13 20.4422 15.0144 18.9075 13.7147C17.7827 12.7634 16.0726 12.8569 14.9392 13.872C14.8856 13.92 14.8333 13.9701 14.7824 14.0222C14.7314 13.97 14.6791 13.9199 14.6254 13.8718ZM18.1546 14.588C19.0972 15.3869 18.9961 16.7262 18.2891 17.4541C18.2888 17.4543 18.2886 17.4546 18.2884 17.4548L14.7834 21.0466L11.2757 17.452C11.2756 17.4519 11.2755 17.4517 11.2753 17.4516C10.5681 16.7252 10.4682 15.3856 11.4108 14.5876L11.4112 14.5872C12.0748 14.0248 13.202 14.0556 13.949 14.8205L14.7824 15.674L15.6158 14.8205C16.3618 14.0567 17.4896 14.0256 18.1545 14.5879" fill="#EB0203"></path>
                        </svg>
                        </button>
                        </div>
                        <div class="col-sm-10 col-12">
                        <div class="ct-tile-quantity d-none" data-pid="7106089">
                        <input type="hidden" class="add-to-cart-url" value="https://www.continente.pt/on/demandware.store/Sites-continente-Site/default/Cart-AddProduct" tabindex="-1">
                        <div class="d-none tile-delete-confirmation-btn" data-pid="7106089" data-delay-time="3000" data-in-cart-msg="no carrinho" data-one-product-added="Adicionado ao carrinho" data-remove-from-cart-msg="Removido do carrinho" data-stay-open="6000.0" data-confirmation-image="{&quot;url&quot;:&quot;https://www.continente.pt/dw/image/v2/BDVS_PRD/on/demandware.static/-/Sites-col-master-catalog/default/dw2ccb81cd/images/col/710/7106089-frente.jpg?sw=87&amp;sh=80&quot;,&quot;fallbackimage&quot;:{&quot;url&quot;:&quot;https://www.continente.pt/dw/image/v2/BDVS_PRD/on/demandware.static/Sites-continente-Site/-/default/dw7c42b4da/images/noimagelarge_product.png?sw=87&amp;sh=80&quot;,&quot;title&quot;:&quot;Batata Frita Gourmet Lisa Corte Fino&quot;,&quot;alt&quot;:&quot;Batata Frita Gourmet Lisa Corte Fino&quot;},&quot;title&quot;:&quot;Batata Frita Gourmet Lisa Corte Fino&quot;,&quot;alt&quot;:&quot;Batata Frita Gourmet Lisa Corte Fino&quot;}"></div>
                        <div class="ct-tile-quantity-update quantity-update product-qty-vue" data-remove-action="https://www.continente.pt/on/demandware.store/Sites-continente-Site/default/Cart-RemoveProductLineItem" data-action="https://www.continente.pt/on/demandware.store/Sites-continente-Site/default/Cart-UpdateQuantity" data-dimension-update="https://www.continente.pt/on/demandware.store/Sites-continente-Site/default/Cart-DimensionUpdate" data-pid="7106089" data-uuid="8b4a8df01ac694d731981eddbc" data-add-delay="500.0" data-measure-options="{&quot;hasConversionRate&quot;:false,&quot;hasAlternativeSaleUnit&quot;:false,&quot;unitConversionRate&quot;:null,&quot;minOrderQuantity&quot;:1,&quot;stepQuantity&quot;:1,&quot;primaryunit&quot;:&quot;un&quot;,&quot;secondaryunit&quot;:&quot;kg&quot;,&quot;selectedunit&quot;:&quot;primary&quot;,&quot;maxNumberOfUnitsPerSale&quot;:50}" data-price-available="null" :data-has-error="isMaxQtyReached || isMinQtyReached || qtySelectedMoreThanOne">
                        <template v-show="prodUnits">
                        <div class="quantity-input-wrapper has-units">
                        <label class="visually-hidden" :for="'quantity-' + pid + additionalTag">
                        Quantidade no carrinho
                        </label>
                        <input :ref="'quantityInput-' + pid + additionalTag" class="add-to-cart-quantity form-control ct-form-input text-center" inputmode="numeric" :class="{'is-invalid': isInvalid}" :data-pid="pid + additionalTag" :name="'quantity-' + pid + additionalTag" type="text" aria-label="Insira a quantidade" title="" v-model="displayValue" @change="updateQuantity" @focus="updateQtyFormat" @blur="restoreQtyFormat" :disabled="!isPriceAvailable">
                        <span class="quantity-icon quantity-icon--minus">
                        <button class="decrease-quantity-btn" @click="updateQuantity" :disabled="!isPriceAvailable" role="button" aria-label="Reduzir quantidade">
                        <i class="css-math-minus"></i>
                        </button>
                        </span>
                        <span class="quantity-icon quantity-icon--plus">
                        <button class="increase-quantity-btn" @click="updateQuantity" :disabled="isMaxQtyReached || !isPriceAvailable" role="button" aria-label="Aumentar quantidade">
                        <i class="css-math-plus"></i>
                        </button>
                        <span class="quantity-btn-disabled-placeholder"></span>
                        </span>
                        <template v-if="isPDP">
                        <span class="quantity-error ct-span-error text-sm-center product-max-allocation" v-if="isMaxQtyReached">
                        Quantidade máxima atingida
                        </span>
                        <span class="quantity-error ct-span-product text-sm-center product-allocation" v-if="!isMinQtyReached &amp;&amp; !isMaxQtyReached">
                        {{quantitySelected}} no carrinho
                        </span>
                        <span class="quantity-error ct-span-error text-sm-center product-min-allocation" :data-pid="pid" v-if="isMinQtyReached &amp;&amp; !isMaxQtyReached">
                        Quantidade mínima atingida
                        </span>
                        </template>
                        </div>
                        <template v-if="showNotes">
                        <div class="add-note-link-container ">
                        <div class="add-note">
                        <a href="/produto/batata-frita-gourmet-lisa-corte-fino-lays-gourmet-7106089.html?showNote=true" class="ct-add-note-redirect-pdp" aria-label="Adicionar comentário">
                        <span class="svg-wrapper svg-icon-notes" style="width:19px; height:20px">
                        <svg class="svg-inline icon-notes" viewBox="0 0 28 30" xmlns="http://www.w3.org/2000/svg" width="100%" height="100%"><path d="M21.738 0C22.985 0 24 1.04 24 2.319V12.47c0 .469-.37.848-.828.848-.457 0-.827-.38-.827-.848V2.32c0-.343-.273-.622-.607-.622H2.262c-.334 0-.607.279-.607.622V27.68c0 .343.273.622.607.622h7.81c.457 0 .827.38.827.849 0 .468-.37.848-.827.848h-7.81C1.015 30 0 28.96 0 27.681V2.32C0 1.04 1.015 0 2.262 0h19.476zm2.844 16.004l.227.007c.823.053 1.589.39 2.176.964.64.627.993 1.46.993 2.349 0 .888-.353 1.722-.993 2.348l-6.83 6.665c-.11.108-.247.186-.397.226l-5.032 1.363c-.078.021-.16.032-.241.032-.242 0-.478-.097-.647-.266-.23-.231-.314-.566-.218-.874l1.49-4.798c.044-.139.122-.266.227-.369l6.844-6.677c.64-.625 1.493-.97 2.401-.97zm-2.886 3.94l-4.922 4.802-.947 3.048 3.22-.872 4.897-4.78-2.248-2.197zm2.887-2.174c-.425 0-.824.162-1.124.455l-.484.472 2.248 2.197.484-.472c.62-.606.62-1.591 0-2.197l-.117-.104c-.283-.227-.636-.35-1.007-.35zm-10.839.022c.498 0 .904.396.904.883 0 .488-.406.884-.904.884H5.946c-.499 0-.904-.396-.904-.884 0-.487.405-.883.904-.883zm5.042-4.876c.498 0 .904.397.904.884s-.406.884-.904.884H5.946c-.499 0-.904-.397-.904-.884s.405-.884.904-.884zm0-4.875c.498 0 .904.396.904.884 0 .487-.406.883-.904.883H5.946c-.499 0-.904-.396-.904-.883 0-.488.405-.884.904-.884z" fill="#EB0203" fill-rule="evenodd"></path></svg>
                        </span>
                        <div class="available-note d-none"></div>
                        </a>
                        </div>
                        </div>
                        </template>
                        <div class="measurement-unit-section" v-if="isPriceAvailable &amp;&amp; prodUnits ? prodUnits.hasAlternativeUnit : false">
                        <div class="ct-form-radio" @click="setDimension">
                        <input type="radio" title="" class="ct-form-check-input product-measurement-unit" :data-type="prodUnits.selectedUnit == prodUnits.secondaryUnit ? 'primary' : ''" :id="prodUnits.secondaryUnit + '-' + pid + '-measurement-unit-ptile' + additionalTag" :name="'measurement-unit-' + pid + '-ptile' + additionalTag" :value="prodUnits.secondaryUnit" v-model="prodUnits.selectedUnit">
                        <label :class="prodUnits.secondaryUnit + '-label ct-form-check-label mb-0'" :for="prodUnits.secondaryUnit + '-' + pid + '-measurement-unit-ptile' + additionalTag">
                        {{prodUnits.secondaryUnit}}
                        </label>
                        <span class="checkmark"></span>
                        </div>
                        <div class="ct-form-radio" @click="setDimension">
                        <input type="radio" title="" class="ct-form-check-input product-measurement-unit" :data-type="prodUnits.selectedUnit == prodUnits.primaryUnit ? 'primary' : ''" :id="prodUnits.primaryUnit + '-' + pid + '-measurement-unit-ptile' + additionalTag" :name="'measurement-unit-' + pid + '-ptile' + additionalTag" :value="prodUnits.primaryUnit" v-model="prodUnits.selectedUnit">
                        <label :class="prodUnits.primaryUnit + '-label ct-form-check-label mb-0'" :for="prodUnits.primaryUnit + '-' + pid + '-measurement-unit-ptile' + additionalTag">
                        {{prodUnits.primaryUnit}}
                        </label>
                        <span class="checkmark"></span>
                        </div>
                        </div>
                        <template v-if="!isPDP &amp;&amp; isPriceAvailable">
                        <span class="quantity-error ct-span-error product-max-allocation" v-if="isMaxQtyReached">
                        Quantidade máxima atingida
                        </span>
                        <span class="quantity-error ct-span-product product-allocation" v-if="!isMinQtyReached &amp;&amp; !isMaxQtyReached">
                        {{quantitySelected}} no carrinho
                        </span>
                        <span class="quantity-error ct-span-error product-min-allocation" :data-pid="pid" v-if="isMinQtyReached &amp;&amp; !isMaxQtyReached">
                        Quantidade mínima atingida
                        </span>
                        </template>
                        </template>
                        </div>
                        <input class="quantity-value-mask d-none" name="quantity" type="number" min="0" value="" tabindex="-1">
                        </div>
                        <button type="button" class="add-to-cart button js-add-to-cart js-add-to-cart-tile 7106089 button--primary dynamic-layout-btn" data-toggle="modal" data-target="#chooseBonusProductModal" data-pid="7106089" data-quantity-value="null" aria-label="Carrinho" tabindex="-1">
                        <span class="d-block d-sm-none">
                        <span class="svg-wrapper svg-icon-cart" style="width:20px; height:20px">
                        <svg class="svg-inline icon-cart" xmlns="http://www.w3.org/2000/svg" viewBox="0 0 500 500" width="100%" height="100%"><path fill="#EB0203" fill-rule="evenodd" d="M 485.67317,94.386311 C 476.37798,83.847129 463.09468,78.03348 448.30404,78.03348 H 90.690813 L 87.079511,51.327997 C 83.185582,22.539551 62.962285,0 41.011841,0 H 14.727836 C 6.563151,0 0,6.5286975 0,14.580758 c 0,8.05206 6.5945535,14.580758 14.727836,14.580758 h 26.284005 c 4.710398,0 14.696435,9.855222 16.894619,26.021523 L 100.01739,368.0631 c 1.88416,13.77244 9.01256,26.70549 20.1605,36.37417 8.25889,7.15046 18.02511,11.9071 28.26237,13.89679 -4.17655,7.58572 -6.53175,16.25957 -6.53175,25.493 0,29.53459 24.27424,53.59751 54.13815,53.59751 29.8325,0 54.13814,-24.03184 54.13814,-53.59751 0,-8.79818 -2.19818,-17.09897 -5.9979,-24.43598 h 77.12488 c -3.79973,7.33701 -5.96652,15.6378 -5.96652,24.43598 0,29.53459 24.27424,53.59751 54.13817,53.59751 29.83249,0 54.13814,-24.03184 54.13814,-53.59751 0,-8.79818 -2.1982,-17.09897 -5.9979,-24.43598 h 38.56243 c 8.13328,0 14.72783,-6.5287 14.72783,-14.61183 0,-8.02098 -6.59455,-14.54967 -14.72783,-14.54967 H 159.24277 c -14.38241,0 -28.13677,-11.90711 -30.02092,-26.02153 l -3.07746,-22.88154 h 290.6314 c 14.03698,0 27.94834,-5.28513 39.06488,-14.95381 11.11652,-9.6376 18.27632,-22.57065 20.16048,-36.37417 l 21.10259,-156.78201 c 1.94694,-14.51858 -2.10398,-28.29103 -11.43057,-38.861299 z M 220.76053,443.82706 c 0,13.49265 -11.08513,24.46709 -24.68247,24.46709 -13.62874,0 -24.71387,-10.97444 -24.71387,-24.46709 0,-13.49262 11.08513,-24.43598 24.71387,-24.43598 13.59734,0 24.68247,10.94336 24.68247,24.43598 z m 173.43675,0 c 0,13.49265 -11.08512,24.46709 -24.68245,24.46709 -13.62876,0 -24.71388,-10.97444 -24.71388,-24.46709 0,-13.49262 11.08512,-24.43598 24.71388,-24.43598 13.59733,0 24.68245,10.94336 24.68245,24.43598 z m 73.7648,-314.46558 -21.13397,156.782 c -1.88416,14.11442 -15.63851,26.05261 -30.02091,26.05261 H 122.25046 L 94.616142,107.19499 H 448.33544 c 6.18632,0 11.61896,2.2695 15.23028,6.37326 3.64269,4.13484 5.21283,9.73086 4.39636,15.79323 z"></path></svg>
                        </span>
                        </span>
                        <span class="add-to-cart--text d-none d-sm-block">Carrinho</span>
                        </button>
                        </div>
                        </div>
                        </div>
                        </div>
                        
                        <div class="col-12 d-sm-none">
                        </div>
                        </div>
                        </div>
                        </div>
                        </div><div class="pd-tile-wrap slick-slide slick-cloned" data-idx="2" style="height: auto; width: 221px;" data-slick-index="11" id="" aria-hidden="true" tabindex="-1">
                        
                        <script type="text/javascript">//<!--
                        /* <![CDATA[ */
                        (function(){
                        try {
                            if(window.CQuotient) {
                                var cq_params = {};
                                cq_params.cookieId = window.CQuotient.getCQCookieId();
                                cq_params.userId = window.CQuotient.getCQUserId();
                                cq_params.emailId = CQuotient.getCQHashedEmail();
                                cq_params.loginId = CQuotient.getCQHashedLogin();
                                cq_params.accumulate = true;
                                cq_params.products = [{
                                    id: '5181067',
                                    sku: '',
                                    type: '',
                                    alt_id: ''
                                }];
                                cq_params.recommenderName = 'FOOD-MERCEARIA';
                                cq_params.realm = "BDVS";
                                cq_params.siteId = "continente";
                                cq_params.instanceType = "prd";
                                cq_params.locale = window.CQuotient.locale;
                                cq_params.slotId = 'col-category-product-recommendations';
                                cq_params.slotConfigId = 'FOOD Recommender Mercearia - Einstein';
                                cq_params.slotConfigTemplate = 'slots\/recommendation\/recommendedProductsCLP.isml';
                                if(window.CQuotient.sendActivity)
                                    window.CQuotient.sendActivity( CQuotient.clientId, 'viewReco', cq_params );
                                else
                                    window.CQuotient.activities.push( {activityType: 'viewReco', parameters: cq_params} );
                            }
                        } catch(err) {}
                        })();
                        /* ]]> */
                        // -->
                        </script>
                        <script type="text/javascript">//<!--
                        /* <![CDATA[ (viewProduct-active_data.js) */
                        dw.ac._capture({id: "5181067", type: "recommendation"});
                        /* ]]> */
                        // -->
                        </script>
                        <div class="product" data-pid="5181067">
                        <div class="product-tile pid-5181067   ct-product-tile " data-delay-time="3000" data-variants-mapping="[]" data-in-cart-msg="no carrinho" data-one-product-added="Adicionado ao carrinho" data-remove-from-cart-msg="Removido do carrinho" data-stay-open="6000.0" data-product-tile-impression="{&quot;name&quot;:&quot;5181067&quot;,&quot;id&quot;:&quot;5181067&quot;,&quot;price&quot;:2.89,&quot;brand&quot;:&quot;Cem Porcento&quot;,&quot;category&quot;:[{&quot;category_level_1&quot;:&quot;Mercearia&quot;},{&quot;category_level_2&quot;:&quot;Bolachas, Biscoitos e Tostas&quot;},{&quot;category_level_3&quot;:&quot;Bolachas e Biscoitos Salgados&quot;}],&quot;variant&quot;:&quot;&quot;}">
                        <div class="ct-inner-tile-wrap row no-gutters justify-content-center align-content-start">
                        
                        <div class="ct-image-container col-4 col-sm" data-confirmation-image="{&quot;url&quot;:&quot;https://www.continente.pt/dw/image/v2/BDVS_PRD/on/demandware.static/-/Sites-col-master-catalog/default/dw8aed0cb2/images/col/518/5181067-frente.jpg?sw=87&amp;sh=80&quot;,&quot;fallbackimage&quot;:{&quot;url&quot;:&quot;https://www.continente.pt/dw/image/v2/BDVS_PRD/on/demandware.static/Sites-continente-Site/-/default/dw7c42b4da/images/noimagelarge_product.png?sw=87&amp;sh=80&quot;,&quot;title&quot;:&quot;Bolachas Marinheiras com Chia&quot;,&quot;alt&quot;:&quot;Bolachas Marinheiras com Chia&quot;},&quot;title&quot;:&quot;Bolachas Marinheiras com Chia&quot;,&quot;alt&quot;:&quot;Bolachas Marinheiras com Chia&quot;}">
                        <a href="https://www.continente.pt/produto/bolachas-marinheiras-com-chia-cem-porcento-5181067.html?cgid=home" tabindex="-1">
                        <picture class="intrinsic intrinsic--square">
                        <img class="ct-tile-image lazyloaded" loading="lazy" onerror="this.onerror=null;this.src='/on/demandware.static/Sites-continente-Site/-/default/dw7c42b4da/images/noimagelarge_product.png';" data-src="https://www.continente.pt/dw/image/v2/BDVS_PRD/on/demandware.static/-/Sites-col-master-catalog/default/dw8aed0cb2/images/col/518/5181067-frente.jpg?sw=280&amp;sh=280" alt="Bolachas Marinheiras com Chia" title="Bolachas Marinheiras com Chia" src="https://www.continente.pt/dw/image/v2/BDVS_PRD/on/demandware.static/-/Sites-col-master-catalog/default/dw8aed0cb2/images/col/518/5181067-frente.jpg?sw=280&amp;sh=280">
                        </picture>
                        </a>
                        <div class="color-swatches d-flex" style="margin-left: 5px;">
                        <div class="swatches d-flex">
                        </div>
                        </div>
                        </div>
                        <div class="ct-tile-body col col-sm-auto ">
                        <div class="ct-pdp-details">
                        <div class="ct-pdp-link">
                        <a class="ct-tile--description" href="https://www.continente.pt/produto/bolachas-marinheiras-com-chia-cem-porcento-5181067.html?cgid=home" tabindex="-1">Bolachas Marinheiras com Chia</a>
                        <div class="ct-tile--favorite-top d-sm-none">
                        <button class="wishlist-toggler guest-mode inactive button button--tertiary" data-pid="5181067" data-add-url="https://www.continente.pt/on/demandware.store/Sites-continente-Site/default/Wishlist-AddProduct?pid=5181067" data-toggle="tooltip" aria-label="Adicionar aos favoritos " data-original-title="Adicionar aos favoritos" data-placement="top" tabindex="-1">
                        <svg class="active-content" width="100%" height="100%" viewBox="0 0 20 22" fill="none" xmlns="http://www.w3.org/2000/svg">
                        <path fill-rule="evenodd" clip-rule="evenodd" d="M0 1.53052C0 0.685236 0.692171 0 1.54601 0H15.0736C15.9274 0 16.6196 0.685235 16.6196 1.53052V13.4064L15.8127 13.922L14.2658 14.2658L12.7189 13.4064L10.6054 14.3818C10.4994 14.2451 10.3327 14.157 10.1452 14.157H6.76329C6.4431 14.157 6.18354 14.414 6.18354 14.731C6.18354 15.0479 6.4431 15.3049 6.76329 15.3049H10.1452C10.2478 15.3049 10.3441 15.2785 10.4277 15.2322L10.3126 16.8439L13.2345 20.2793H1.54601C0.69217 20.2793 0 19.5941 0 18.7488V1.53052ZM6.18354 5.5483C6.18354 5.23132 6.4431 4.97436 6.76329 4.97436H12.3676C12.6878 4.97436 12.9473 5.23132 12.9473 5.5483C12.9473 5.86528 12.6878 6.12224 12.3676 6.12224H6.76329C6.4431 6.12224 6.18354 5.86528 6.18354 5.5483ZM6.76329 11.0961C6.4431 11.0961 6.18354 11.3531 6.18354 11.6701C6.18354 11.987 6.4431 12.244 6.76329 12.244H12.3676C12.6878 12.244 12.9473 11.987 12.9473 11.6701C12.9473 11.3531 12.6878 11.0961 12.3676 11.0961H6.76329ZM6.18354 8.60985C6.18354 8.29287 6.4431 8.03591 6.76329 8.03591H12.3676C12.6878 8.03591 12.9473 8.29287 12.9473 8.60985C12.9473 8.92684 12.6878 9.1838 12.3676 9.1838H6.76329C6.4431 9.1838 6.18354 8.92684 6.18354 8.60985ZM3.67118 5.5483C3.67118 5.23132 3.93075 4.97436 4.25093 4.97436H4.63743C4.95762 4.97436 5.21719 5.23132 5.21719 5.5483C5.21719 5.86528 4.95762 6.12224 4.63743 6.12224H4.25093C3.93075 6.12224 3.67118 5.86528 3.67118 5.5483ZM4.25093 11.0961C3.93075 11.0961 3.67118 11.3531 3.67118 11.6701C3.67118 11.987 3.93075 12.244 4.25093 12.244H4.63743C4.95762 12.244 5.21719 11.987 5.21719 11.6701C5.21719 11.3531 4.95762 11.0961 4.63743 11.0961H4.25093ZM3.67118 8.60985C3.67118 8.29287 3.93075 8.03591 4.25093 8.03591H4.63743C4.95762 8.03591 5.21719 8.29287 5.21719 8.60985C5.21719 8.92684 4.95762 9.1838 4.63743 9.1838H4.25093C3.93075 9.1838 3.67118 8.92684 3.67118 8.60985ZM4.25093 14.157C3.93075 14.157 3.67118 14.414 3.67118 14.731C3.67118 15.0479 3.93075 15.3049 4.25093 15.3049H4.63743C4.95762 15.3049 5.21719 15.0479 5.21719 14.731C5.21719 14.414 4.95762 14.157 4.63743 14.157H4.25093Z" fill="#EB0203"></path>
                        <path fill-rule="evenodd" clip-rule="evenodd" d="M14.6252 13.6363C13.4918 12.6215 11.7817 12.5264 10.6569 13.4792C9.12421 14.7764 9.34841 16.8912 10.4409 18.0122L14.0159 21.6742C14.2197 21.8832 14.4928 22 14.7822 22C15.0737 22 15.3448 21.8852 15.5486 21.6762L19.1236 18.0142C20.214 16.8933 20.4423 14.7785 18.9075 13.4792C17.7827 12.5283 16.0724 12.6217 14.9391 13.6365C14.8855 13.6845 14.8331 13.7345 14.7822 13.7866C14.7313 13.7345 14.6789 13.6843 14.6252 13.6363ZM18.1546 14.3522C19.0973 15.1508 18.9962 16.4896 18.2891 17.2173C18.2888 17.2175 18.2886 17.2177 18.2884 17.218L14.7832 20.8084L11.2753 17.2151C11.2752 17.215 11.2751 17.2149 11.2749 17.2148C10.5677 16.4887 10.4678 15.1495 11.4104 14.3518L11.4108 14.3514C12.0745 13.7892 13.2018 13.82 13.9488 14.5846L14.7822 15.4378L15.6157 14.5846C16.3617 13.8211 17.4896 13.79 18.1545 14.3521" fill="#EB0203"></path>
                        </svg>
                        <svg class="inactive-content" width="100%" height="100%" viewBox="0 0 20 23" fill="none" xmlns="http://www.w3.org/2000/svg">
                        <path fill-rule="evenodd" clip-rule="evenodd" d="M6.18408 5.77914C6.18408 5.46223 6.44363 5.20532 6.7638 5.20532H12.3678C12.6879 5.20532 12.9475 5.46223 12.9475 5.77914C12.9475 6.09606 12.6879 6.35297 12.3678 6.35297H6.7638C6.44363 6.35297 6.18408 6.09606 6.18408 5.77914Z" fill="#EB0203"></path>
                        <path fill-rule="evenodd" clip-rule="evenodd" d="M6.18408 11.9034C6.18408 11.5865 6.44363 11.3296 6.7638 11.3296H12.3678C12.6879 11.3296 12.9475 11.5865 12.9475 11.9034C12.9475 12.2202 12.6879 12.4771 12.3678 12.4771H6.7638C6.44363 12.4771 6.18408 12.2202 6.18408 11.9034Z" fill="#EB0203"></path>
                        <path fill-rule="evenodd" clip-rule="evenodd" d="M6.18408 8.84116C6.18408 8.52424 6.44363 8.26733 6.7638 8.26733H12.3678C12.6879 8.26733 12.9475 8.52424 12.9475 8.84116C12.9475 9.15807 12.6879 9.41498 12.3678 9.41498H6.7638C6.44363 9.41498 6.18408 9.15807 6.18408 8.84116Z" fill="#EB0203"></path>
                        <path fill-rule="evenodd" clip-rule="evenodd" d="M6.18408 14.9655C6.18408 14.6486 6.44363 14.3917 6.7638 14.3917H10.1455C10.4657 14.3917 10.7252 14.6486 10.7252 14.9655C10.7252 15.2825 10.4657 15.5394 10.1455 15.5394H6.7638C6.44363 15.5394 6.18408 15.2825 6.18408 14.9655Z" fill="#EB0203"></path>
                        <path fill-rule="evenodd" clip-rule="evenodd" d="M3.67139 5.77914C3.67139 5.46223 3.93094 5.20532 4.25111 5.20532H4.63759C4.95776 5.20532 5.21731 5.46223 5.21731 5.77914C5.21731 6.09606 4.95776 6.35297 4.63759 6.35297H4.25111C3.93094 6.35297 3.67139 6.09606 3.67139 5.77914Z" fill="#EB0203"></path>
                        <path fill-rule="evenodd" clip-rule="evenodd" d="M3.67139 11.9034C3.67139 11.5865 3.93094 11.3296 4.25111 11.3296H4.63759C4.95776 11.3296 5.21731 11.5865 5.21731 11.9034C5.21731 12.2202 4.95776 12.4771 4.63759 12.4771H4.25111C3.93094 12.4771 3.67139 12.2202 3.67139 11.9034Z" fill="#EB0203"></path>
                        <path fill-rule="evenodd" clip-rule="evenodd" d="M3.67139 8.84116C3.67139 8.52424 3.93094 8.26733 4.25111 8.26733H4.63759C4.95776 8.26733 5.21731 8.52424 5.21731 8.84116C5.21731 9.15807 4.95776 9.41498 4.63759 9.41498H4.25111C3.93094 9.41498 3.67139 9.15807 3.67139 8.84116Z" fill="#EB0203"></path>
                        <path fill-rule="evenodd" clip-rule="evenodd" d="M3.67139 14.9655C3.67139 14.6486 3.93094 14.3917 4.25111 14.3917H4.63759C4.95776 14.3917 5.21731 14.6486 5.21731 14.9655C5.21731 15.2825 4.95776 15.5394 4.63759 15.5394H4.25111C3.93094 15.5394 3.67139 15.2825 3.67139 14.9655Z" fill="#EB0203"></path>
                        <path fill-rule="evenodd" clip-rule="evenodd" d="M0 1.76033C0 0.914738 0.692131 0.229248 1.54592 0.229248H15.0727C15.9265 0.229248 16.6186 0.914738 16.6186 1.76033V11.2818C16.6186 11.5989 16.3591 11.8559 16.0389 11.8559C15.7187 11.8559 15.4592 11.5989 15.4592 11.2818V1.76033C15.4592 1.54893 15.2862 1.37756 15.0727 1.37756H1.54592C1.33247 1.37756 1.15944 1.54893 1.15944 1.76033V18.985C1.15944 19.1964 1.33247 19.3678 1.54592 19.3678H9.27551C9.59568 19.3678 9.85523 19.6249 9.85523 19.942C9.85523 20.2591 9.59568 20.5161 9.27551 20.5161H1.54592C0.692131 20.5161 0 19.8306 0 18.985V1.76033Z" fill="#EB0203"></path>
                        <path fill-rule="evenodd" clip-rule="evenodd" d="M14.6254 13.8718C13.4921 12.8567 11.7821 12.7615 10.6574 13.7147C9.12472 15.0124 9.34891 17.128 10.4413 18.2493L14.0161 21.9126C14.2199 22.1217 14.493 22.2386 14.7824 22.2386C15.0739 22.2386 15.3449 22.1238 15.5487 21.9147L19.1235 18.2514C20.2139 17.13 20.4422 15.0144 18.9075 13.7147C17.7827 12.7634 16.0726 12.8569 14.9392 13.872C14.8856 13.92 14.8333 13.9701 14.7824 14.0222C14.7314 13.97 14.6791 13.9199 14.6254 13.8718ZM18.1546 14.588C19.0972 15.3869 18.9961 16.7262 18.2891 17.4541C18.2888 17.4543 18.2886 17.4546 18.2884 17.4548L14.7834 21.0466L11.2757 17.452C11.2756 17.4519 11.2755 17.4517 11.2753 17.4516C10.5681 16.7252 10.4682 15.3856 11.4108 14.5876L11.4112 14.5872C12.0748 14.0248 13.202 14.0556 13.949 14.8205L14.7824 15.674L15.6158 14.8205C16.3618 14.0567 17.4896 14.0256 18.1545 14.5879" fill="#EB0203"></path>
                        </svg>
                        </button>
                        </div>
                        </div>
                        <p class="ct-tile--brand">Cem Porcento</p>
                        <p class="ct-tile--quantity">emb. 200 gr</p>
                        </div>
                        <div class="ct-tile-bottom row no-gutters justify-content-between">
                        <div class="ct-price-wrap col-8 col-sm-12">
                        <div class="price js-product-price">
                        <div class="prices-wrapper">
                        <span class="sales ct-tile--price-primary ">
                        <span class="value" content="2.89">
                        <span class="ct-price-formatted">
                        €2,89
                        </span>
                        <span class="ct-m-unit">
                        /un
                        </span>
                        </span>
                        </span>
                        </div>
                        <div class="ct-tile--price-secondary">
                        <span class="ct-price-value">
                        €14,45
                        </span>
                        <span class="ct-m-unit">
                        /kg
                        </span>
                        </div>
                        </div>
                        </div>
                        <div class="ct-tile-buy-section d-flex justify-content-center no-gutters col-auto col-sm-12">
                        <div class="col-2 d-sm-flex d-none">
                        <button class="wishlist-toggler guest-mode inactive button button--tertiary" data-pid="5181067" data-add-url="https://www.continente.pt/on/demandware.store/Sites-continente-Site/default/Wishlist-AddProduct?pid=5181067" data-toggle="tooltip" aria-label="Adicionar aos favoritos " data-original-title="Adicionar aos favoritos" data-placement="top" tabindex="-1">
                        <svg class="active-content" width="100%" height="100%" viewBox="0 0 20 22" fill="none" xmlns="http://www.w3.org/2000/svg">
                        <path fill-rule="evenodd" clip-rule="evenodd" d="M0 1.53052C0 0.685236 0.692171 0 1.54601 0H15.0736C15.9274 0 16.6196 0.685235 16.6196 1.53052V13.4064L15.8127 13.922L14.2658 14.2658L12.7189 13.4064L10.6054 14.3818C10.4994 14.2451 10.3327 14.157 10.1452 14.157H6.76329C6.4431 14.157 6.18354 14.414 6.18354 14.731C6.18354 15.0479 6.4431 15.3049 6.76329 15.3049H10.1452C10.2478 15.3049 10.3441 15.2785 10.4277 15.2322L10.3126 16.8439L13.2345 20.2793H1.54601C0.69217 20.2793 0 19.5941 0 18.7488V1.53052ZM6.18354 5.5483C6.18354 5.23132 6.4431 4.97436 6.76329 4.97436H12.3676C12.6878 4.97436 12.9473 5.23132 12.9473 5.5483C12.9473 5.86528 12.6878 6.12224 12.3676 6.12224H6.76329C6.4431 6.12224 6.18354 5.86528 6.18354 5.5483ZM6.76329 11.0961C6.4431 11.0961 6.18354 11.3531 6.18354 11.6701C6.18354 11.987 6.4431 12.244 6.76329 12.244H12.3676C12.6878 12.244 12.9473 11.987 12.9473 11.6701C12.9473 11.3531 12.6878 11.0961 12.3676 11.0961H6.76329ZM6.18354 8.60985C6.18354 8.29287 6.4431 8.03591 6.76329 8.03591H12.3676C12.6878 8.03591 12.9473 8.29287 12.9473 8.60985C12.9473 8.92684 12.6878 9.1838 12.3676 9.1838H6.76329C6.4431 9.1838 6.18354 8.92684 6.18354 8.60985ZM3.67118 5.5483C3.67118 5.23132 3.93075 4.97436 4.25093 4.97436H4.63743C4.95762 4.97436 5.21719 5.23132 5.21719 5.5483C5.21719 5.86528 4.95762 6.12224 4.63743 6.12224H4.25093C3.93075 6.12224 3.67118 5.86528 3.67118 5.5483ZM4.25093 11.0961C3.93075 11.0961 3.67118 11.3531 3.67118 11.6701C3.67118 11.987 3.93075 12.244 4.25093 12.244H4.63743C4.95762 12.244 5.21719 11.987 5.21719 11.6701C5.21719 11.3531 4.95762 11.0961 4.63743 11.0961H4.25093ZM3.67118 8.60985C3.67118 8.29287 3.93075 8.03591 4.25093 8.03591H4.63743C4.95762 8.03591 5.21719 8.29287 5.21719 8.60985C5.21719 8.92684 4.95762 9.1838 4.63743 9.1838H4.25093C3.93075 9.1838 3.67118 8.92684 3.67118 8.60985ZM4.25093 14.157C3.93075 14.157 3.67118 14.414 3.67118 14.731C3.67118 15.0479 3.93075 15.3049 4.25093 15.3049H4.63743C4.95762 15.3049 5.21719 15.0479 5.21719 14.731C5.21719 14.414 4.95762 14.157 4.63743 14.157H4.25093Z" fill="#EB0203"></path>
                        <path fill-rule="evenodd" clip-rule="evenodd" d="M14.6252 13.6363C13.4918 12.6215 11.7817 12.5264 10.6569 13.4792C9.12421 14.7764 9.34841 16.8912 10.4409 18.0122L14.0159 21.6742C14.2197 21.8832 14.4928 22 14.7822 22C15.0737 22 15.3448 21.8852 15.5486 21.6762L19.1236 18.0142C20.214 16.8933 20.4423 14.7785 18.9075 13.4792C17.7827 12.5283 16.0724 12.6217 14.9391 13.6365C14.8855 13.6845 14.8331 13.7345 14.7822 13.7866C14.7313 13.7345 14.6789 13.6843 14.6252 13.6363ZM18.1546 14.3522C19.0973 15.1508 18.9962 16.4896 18.2891 17.2173C18.2888 17.2175 18.2886 17.2177 18.2884 17.218L14.7832 20.8084L11.2753 17.2151C11.2752 17.215 11.2751 17.2149 11.2749 17.2148C10.5677 16.4887 10.4678 15.1495 11.4104 14.3518L11.4108 14.3514C12.0745 13.7892 13.2018 13.82 13.9488 14.5846L14.7822 15.4378L15.6157 14.5846C16.3617 13.8211 17.4896 13.79 18.1545 14.3521" fill="#EB0203"></path>
                        </svg>
                        <svg class="inactive-content" width="100%" height="100%" viewBox="0 0 20 23" fill="none" xmlns="http://www.w3.org/2000/svg">
                        <path fill-rule="evenodd" clip-rule="evenodd" d="M6.18408 5.77914C6.18408 5.46223 6.44363 5.20532 6.7638 5.20532H12.3678C12.6879 5.20532 12.9475 5.46223 12.9475 5.77914C12.9475 6.09606 12.6879 6.35297 12.3678 6.35297H6.7638C6.44363 6.35297 6.18408 6.09606 6.18408 5.77914Z" fill="#EB0203"></path>
                        <path fill-rule="evenodd" clip-rule="evenodd" d="M6.18408 11.9034C6.18408 11.5865 6.44363 11.3296 6.7638 11.3296H12.3678C12.6879 11.3296 12.9475 11.5865 12.9475 11.9034C12.9475 12.2202 12.6879 12.4771 12.3678 12.4771H6.7638C6.44363 12.4771 6.18408 12.2202 6.18408 11.9034Z" fill="#EB0203"></path>
                        <path fill-rule="evenodd" clip-rule="evenodd" d="M6.18408 8.84116C6.18408 8.52424 6.44363 8.26733 6.7638 8.26733H12.3678C12.6879 8.26733 12.9475 8.52424 12.9475 8.84116C12.9475 9.15807 12.6879 9.41498 12.3678 9.41498H6.7638C6.44363 9.41498 6.18408 9.15807 6.18408 8.84116Z" fill="#EB0203"></path>
                        <path fill-rule="evenodd" clip-rule="evenodd" d="M6.18408 14.9655C6.18408 14.6486 6.44363 14.3917 6.7638 14.3917H10.1455C10.4657 14.3917 10.7252 14.6486 10.7252 14.9655C10.7252 15.2825 10.4657 15.5394 10.1455 15.5394H6.7638C6.44363 15.5394 6.18408 15.2825 6.18408 14.9655Z" fill="#EB0203"></path>
                        <path fill-rule="evenodd" clip-rule="evenodd" d="M3.67139 5.77914C3.67139 5.46223 3.93094 5.20532 4.25111 5.20532H4.63759C4.95776 5.20532 5.21731 5.46223 5.21731 5.77914C5.21731 6.09606 4.95776 6.35297 4.63759 6.35297H4.25111C3.93094 6.35297 3.67139 6.09606 3.67139 5.77914Z" fill="#EB0203"></path>
                        <path fill-rule="evenodd" clip-rule="evenodd" d="M3.67139 11.9034C3.67139 11.5865 3.93094 11.3296 4.25111 11.3296H4.63759C4.95776 11.3296 5.21731 11.5865 5.21731 11.9034C5.21731 12.2202 4.95776 12.4771 4.63759 12.4771H4.25111C3.93094 12.4771 3.67139 12.2202 3.67139 11.9034Z" fill="#EB0203"></path>
                        <path fill-rule="evenodd" clip-rule="evenodd" d="M3.67139 8.84116C3.67139 8.52424 3.93094 8.26733 4.25111 8.26733H4.63759C4.95776 8.26733 5.21731 8.52424 5.21731 8.84116C5.21731 9.15807 4.95776 9.41498 4.63759 9.41498H4.25111C3.93094 9.41498 3.67139 9.15807 3.67139 8.84116Z" fill="#EB0203"></path>
                        <path fill-rule="evenodd" clip-rule="evenodd" d="M3.67139 14.9655C3.67139 14.6486 3.93094 14.3917 4.25111 14.3917H4.63759C4.95776 14.3917 5.21731 14.6486 5.21731 14.9655C5.21731 15.2825 4.95776 15.5394 4.63759 15.5394H4.25111C3.93094 15.5394 3.67139 15.2825 3.67139 14.9655Z" fill="#EB0203"></path>
                        <path fill-rule="evenodd" clip-rule="evenodd" d="M0 1.76033C0 0.914738 0.692131 0.229248 1.54592 0.229248H15.0727C15.9265 0.229248 16.6186 0.914738 16.6186 1.76033V11.2818C16.6186 11.5989 16.3591 11.8559 16.0389 11.8559C15.7187 11.8559 15.4592 11.5989 15.4592 11.2818V1.76033C15.4592 1.54893 15.2862 1.37756 15.0727 1.37756H1.54592C1.33247 1.37756 1.15944 1.54893 1.15944 1.76033V18.985C1.15944 19.1964 1.33247 19.3678 1.54592 19.3678H9.27551C9.59568 19.3678 9.85523 19.6249 9.85523 19.942C9.85523 20.2591 9.59568 20.5161 9.27551 20.5161H1.54592C0.692131 20.5161 0 19.8306 0 18.985V1.76033Z" fill="#EB0203"></path>
                        <path fill-rule="evenodd" clip-rule="evenodd" d="M14.6254 13.8718C13.4921 12.8567 11.7821 12.7615 10.6574 13.7147C9.12472 15.0124 9.34891 17.128 10.4413 18.2493L14.0161 21.9126C14.2199 22.1217 14.493 22.2386 14.7824 22.2386C15.0739 22.2386 15.3449 22.1238 15.5487 21.9147L19.1235 18.2514C20.2139 17.13 20.4422 15.0144 18.9075 13.7147C17.7827 12.7634 16.0726 12.8569 14.9392 13.872C14.8856 13.92 14.8333 13.9701 14.7824 14.0222C14.7314 13.97 14.6791 13.9199 14.6254 13.8718ZM18.1546 14.588C19.0972 15.3869 18.9961 16.7262 18.2891 17.4541C18.2888 17.4543 18.2886 17.4546 18.2884 17.4548L14.7834 21.0466L11.2757 17.452C11.2756 17.4519 11.2755 17.4517 11.2753 17.4516C10.5681 16.7252 10.4682 15.3856 11.4108 14.5876L11.4112 14.5872C12.0748 14.0248 13.202 14.0556 13.949 14.8205L14.7824 15.674L15.6158 14.8205C16.3618 14.0567 17.4896 14.0256 18.1545 14.5879" fill="#EB0203"></path>
                        </svg>
                        </button>
                        </div>
                        <div class="col-sm-10 col-12">
                        <div class="ct-tile-quantity d-none" data-pid="5181067">
                        <input type="hidden" class="add-to-cart-url" value="https://www.continente.pt/on/demandware.store/Sites-continente-Site/default/Cart-AddProduct" tabindex="-1">
                        <div class="d-none tile-delete-confirmation-btn" data-pid="5181067" data-delay-time="3000" data-in-cart-msg="no carrinho" data-one-product-added="Adicionado ao carrinho" data-remove-from-cart-msg="Removido do carrinho" data-stay-open="6000.0" data-confirmation-image="{&quot;url&quot;:&quot;https://www.continente.pt/dw/image/v2/BDVS_PRD/on/demandware.static/-/Sites-col-master-catalog/default/dw8aed0cb2/images/col/518/5181067-frente.jpg?sw=87&amp;sh=80&quot;,&quot;fallbackimage&quot;:{&quot;url&quot;:&quot;https://www.continente.pt/dw/image/v2/BDVS_PRD/on/demandware.static/Sites-continente-Site/-/default/dw7c42b4da/images/noimagelarge_product.png?sw=87&amp;sh=80&quot;,&quot;title&quot;:&quot;Bolachas Marinheiras com Chia&quot;,&quot;alt&quot;:&quot;Bolachas Marinheiras com Chia&quot;},&quot;title&quot;:&quot;Bolachas Marinheiras com Chia&quot;,&quot;alt&quot;:&quot;Bolachas Marinheiras com Chia&quot;}"></div>
                        <div class="ct-tile-quantity-update quantity-update product-qty-vue" data-remove-action="https://www.continente.pt/on/demandware.store/Sites-continente-Site/default/Cart-RemoveProductLineItem" data-action="https://www.continente.pt/on/demandware.store/Sites-continente-Site/default/Cart-UpdateQuantity" data-dimension-update="https://www.continente.pt/on/demandware.store/Sites-continente-Site/default/Cart-DimensionUpdate" data-pid="5181067" data-uuid="9fd75b10e7822967fbb190b3e2" data-add-delay="500.0" data-measure-options="{&quot;hasConversionRate&quot;:false,&quot;hasAlternativeSaleUnit&quot;:false,&quot;unitConversionRate&quot;:0,&quot;minOrderQuantity&quot;:1,&quot;stepQuantity&quot;:1,&quot;primaryunit&quot;:&quot;un&quot;,&quot;secondaryunit&quot;:&quot;kg&quot;,&quot;selectedunit&quot;:&quot;primary&quot;,&quot;maxNumberOfUnitsPerSale&quot;:50}" data-price-available="null" :data-has-error="isMaxQtyReached || isMinQtyReached || qtySelectedMoreThanOne">
                        <template v-show="prodUnits">
                        <div class="quantity-input-wrapper has-units">
                        <label class="visually-hidden" :for="'quantity-' + pid + additionalTag">
                        Quantidade no carrinho
                        </label>
                        <input :ref="'quantityInput-' + pid + additionalTag" class="add-to-cart-quantity form-control ct-form-input text-center" inputmode="numeric" :class="{'is-invalid': isInvalid}" :data-pid="pid + additionalTag" :name="'quantity-' + pid + additionalTag" type="text" aria-label="Insira a quantidade" title="" v-model="displayValue" @change="updateQuantity" @focus="updateQtyFormat" @blur="restoreQtyFormat" :disabled="!isPriceAvailable">
                        <span class="quantity-icon quantity-icon--minus">
                        <button class="decrease-quantity-btn" @click="updateQuantity" :disabled="!isPriceAvailable" role="button" aria-label="Reduzir quantidade">
                        <i class="css-math-minus"></i>
                        </button>
                        </span>
                        <span class="quantity-icon quantity-icon--plus">
                        <button class="increase-quantity-btn" @click="updateQuantity" :disabled="isMaxQtyReached || !isPriceAvailable" role="button" aria-label="Aumentar quantidade">
                        <i class="css-math-plus"></i>
                        </button>
                        <span class="quantity-btn-disabled-placeholder"></span>
                        </span>
                        <template v-if="isPDP">
                        <span class="quantity-error ct-span-error text-sm-center product-max-allocation" v-if="isMaxQtyReached">
                        Quantidade máxima atingida
                        </span>
                        <span class="quantity-error ct-span-product text-sm-center product-allocation" v-if="!isMinQtyReached &amp;&amp; !isMaxQtyReached">
                        {{quantitySelected}} no carrinho
                        </span>
                        <span class="quantity-error ct-span-error text-sm-center product-min-allocation" :data-pid="pid" v-if="isMinQtyReached &amp;&amp; !isMaxQtyReached">
                        Quantidade mínima atingida
                        </span>
                        </template>
                        </div>
                        <template v-if="showNotes">
                        <div class="add-note-link-container ">
                        <div class="add-note">
                        <a href="/produto/bolachas-marinheiras-com-chia-cem-porcento-5181067.html?showNote=true" class="ct-add-note-redirect-pdp" aria-label="Adicionar comentário">
                        <span class="svg-wrapper svg-icon-notes" style="width:19px; height:20px">
                        <svg class="svg-inline icon-notes" viewBox="0 0 28 30" xmlns="http://www.w3.org/2000/svg" width="100%" height="100%"><path d="M21.738 0C22.985 0 24 1.04 24 2.319V12.47c0 .469-.37.848-.828.848-.457 0-.827-.38-.827-.848V2.32c0-.343-.273-.622-.607-.622H2.262c-.334 0-.607.279-.607.622V27.68c0 .343.273.622.607.622h7.81c.457 0 .827.38.827.849 0 .468-.37.848-.827.848h-7.81C1.015 30 0 28.96 0 27.681V2.32C0 1.04 1.015 0 2.262 0h19.476zm2.844 16.004l.227.007c.823.053 1.589.39 2.176.964.64.627.993 1.46.993 2.349 0 .888-.353 1.722-.993 2.348l-6.83 6.665c-.11.108-.247.186-.397.226l-5.032 1.363c-.078.021-.16.032-.241.032-.242 0-.478-.097-.647-.266-.23-.231-.314-.566-.218-.874l1.49-4.798c.044-.139.122-.266.227-.369l6.844-6.677c.64-.625 1.493-.97 2.401-.97zm-2.886 3.94l-4.922 4.802-.947 3.048 3.22-.872 4.897-4.78-2.248-2.197zm2.887-2.174c-.425 0-.824.162-1.124.455l-.484.472 2.248 2.197.484-.472c.62-.606.62-1.591 0-2.197l-.117-.104c-.283-.227-.636-.35-1.007-.35zm-10.839.022c.498 0 .904.396.904.883 0 .488-.406.884-.904.884H5.946c-.499 0-.904-.396-.904-.884 0-.487.405-.883.904-.883zm5.042-4.876c.498 0 .904.397.904.884s-.406.884-.904.884H5.946c-.499 0-.904-.397-.904-.884s.405-.884.904-.884zm0-4.875c.498 0 .904.396.904.884 0 .487-.406.883-.904.883H5.946c-.499 0-.904-.396-.904-.883 0-.488.405-.884.904-.884z" fill="#EB0203" fill-rule="evenodd"></path></svg>
                        </span>
                        <div class="available-note d-none"></div>
                        </a>
                        </div>
                        </div>
                        </template>
                        <div class="measurement-unit-section" v-if="isPriceAvailable &amp;&amp; prodUnits ? prodUnits.hasAlternativeUnit : false">
                        <div class="ct-form-radio" @click="setDimension">
                        <input type="radio" title="" class="ct-form-check-input product-measurement-unit" :data-type="prodUnits.selectedUnit == prodUnits.secondaryUnit ? 'primary' : ''" :id="prodUnits.secondaryUnit + '-' + pid + '-measurement-unit-ptile' + additionalTag" :name="'measurement-unit-' + pid + '-ptile' + additionalTag" :value="prodUnits.secondaryUnit" v-model="prodUnits.selectedUnit">
                        <label :class="prodUnits.secondaryUnit + '-label ct-form-check-label mb-0'" :for="prodUnits.secondaryUnit + '-' + pid + '-measurement-unit-ptile' + additionalTag">
                        {{prodUnits.secondaryUnit}}
                        </label>
                        <span class="checkmark"></span>
                        </div>
                        <div class="ct-form-radio" @click="setDimension">
                        <input type="radio" title="" class="ct-form-check-input product-measurement-unit" :data-type="prodUnits.selectedUnit == prodUnits.primaryUnit ? 'primary' : ''" :id="prodUnits.primaryUnit + '-' + pid + '-measurement-unit-ptile' + additionalTag" :name="'measurement-unit-' + pid + '-ptile' + additionalTag" :value="prodUnits.primaryUnit" v-model="prodUnits.selectedUnit">
                        <label :class="prodUnits.primaryUnit + '-label ct-form-check-label mb-0'" :for="prodUnits.primaryUnit + '-' + pid + '-measurement-unit-ptile' + additionalTag">
                        {{prodUnits.primaryUnit}}
                        </label>
                        <span class="checkmark"></span>
                        </div>
                        </div>
                        <template v-if="!isPDP &amp;&amp; isPriceAvailable">
                        <span class="quantity-error ct-span-error product-max-allocation" v-if="isMaxQtyReached">
                        Quantidade máxima atingida
                        </span>
                        <span class="quantity-error ct-span-product product-allocation" v-if="!isMinQtyReached &amp;&amp; !isMaxQtyReached">
                        {{quantitySelected}} no carrinho
                        </span>
                        <span class="quantity-error ct-span-error product-min-allocation" :data-pid="pid" v-if="isMinQtyReached &amp;&amp; !isMaxQtyReached">
                        Quantidade mínima atingida
                        </span>
                        </template>
                        </template>
                        </div>
                        <input class="quantity-value-mask d-none" name="quantity" type="number" min="0" value="" tabindex="-1">
                        </div>
                        <button type="button" class="add-to-cart button js-add-to-cart js-add-to-cart-tile 5181067 button--primary dynamic-layout-btn" data-toggle="modal" data-target="#chooseBonusProductModal" data-pid="5181067" data-quantity-value="null" aria-label="Carrinho" tabindex="-1">
                        <span class="d-block d-sm-none">
                        <span class="svg-wrapper svg-icon-cart" style="width:20px; height:20px">
                        <svg class="svg-inline icon-cart" xmlns="http://www.w3.org/2000/svg" viewBox="0 0 500 500" width="100%" height="100%"><path fill="#EB0203" fill-rule="evenodd" d="M 485.67317,94.386311 C 476.37798,83.847129 463.09468,78.03348 448.30404,78.03348 H 90.690813 L 87.079511,51.327997 C 83.185582,22.539551 62.962285,0 41.011841,0 H 14.727836 C 6.563151,0 0,6.5286975 0,14.580758 c 0,8.05206 6.5945535,14.580758 14.727836,14.580758 h 26.284005 c 4.710398,0 14.696435,9.855222 16.894619,26.021523 L 100.01739,368.0631 c 1.88416,13.77244 9.01256,26.70549 20.1605,36.37417 8.25889,7.15046 18.02511,11.9071 28.26237,13.89679 -4.17655,7.58572 -6.53175,16.25957 -6.53175,25.493 0,29.53459 24.27424,53.59751 54.13815,53.59751 29.8325,0 54.13814,-24.03184 54.13814,-53.59751 0,-8.79818 -2.19818,-17.09897 -5.9979,-24.43598 h 77.12488 c -3.79973,7.33701 -5.96652,15.6378 -5.96652,24.43598 0,29.53459 24.27424,53.59751 54.13817,53.59751 29.83249,0 54.13814,-24.03184 54.13814,-53.59751 0,-8.79818 -2.1982,-17.09897 -5.9979,-24.43598 h 38.56243 c 8.13328,0 14.72783,-6.5287 14.72783,-14.61183 0,-8.02098 -6.59455,-14.54967 -14.72783,-14.54967 H 159.24277 c -14.38241,0 -28.13677,-11.90711 -30.02092,-26.02153 l -3.07746,-22.88154 h 290.6314 c 14.03698,0 27.94834,-5.28513 39.06488,-14.95381 11.11652,-9.6376 18.27632,-22.57065 20.16048,-36.37417 l 21.10259,-156.78201 c 1.94694,-14.51858 -2.10398,-28.29103 -11.43057,-38.861299 z M 220.76053,443.82706 c 0,13.49265 -11.08513,24.46709 -24.68247,24.46709 -13.62874,0 -24.71387,-10.97444 -24.71387,-24.46709 0,-13.49262 11.08513,-24.43598 24.71387,-24.43598 13.59734,0 24.68247,10.94336 24.68247,24.43598 z m 173.43675,0 c 0,13.49265 -11.08512,24.46709 -24.68245,24.46709 -13.62876,0 -24.71388,-10.97444 -24.71388,-24.46709 0,-13.49262 11.08512,-24.43598 24.71388,-24.43598 13.59733,0 24.68245,10.94336 24.68245,24.43598 z m 73.7648,-314.46558 -21.13397,156.782 c -1.88416,14.11442 -15.63851,26.05261 -30.02091,26.05261 H 122.25046 L 94.616142,107.19499 H 448.33544 c 6.18632,0 11.61896,2.2695 15.23028,6.37326 3.64269,4.13484 5.21283,9.73086 4.39636,15.79323 z"></path></svg>
                        </span>
                        </span>
                        <span class="add-to-cart--text d-none d-sm-block">Carrinho</span>
                        </button>
                        </div>
                        </div>
                        </div>
                        </div>
                        
                        <div class="col-12 d-sm-none">
                        </div>
                        </div>
                        </div>
                        </div>
                        </div><div class="pd-tile-wrap slick-slide slick-cloned" data-idx="3" style="height: auto; width: 221px;" data-slick-index="12" id="" aria-hidden="true" tabindex="-1">
                        
                        <script type="text/javascript">//<!--
                        /* <![CDATA[ */
                        (function(){
                        try {
                            if(window.CQuotient) {
                                var cq_params = {};
                                cq_params.cookieId = window.CQuotient.getCQCookieId();
                                cq_params.userId = window.CQuotient.getCQUserId();
                                cq_params.emailId = CQuotient.getCQHashedEmail();
                                cq_params.loginId = CQuotient.getCQHashedLogin();
                                cq_params.accumulate = true;
                                cq_params.products = [{
                                    id: '2463432',
                                    sku: '',
                                    type: '',
                                    alt_id: ''
                                }];
                                cq_params.recommenderName = 'FOOD-MERCEARIA';
                                cq_params.realm = "BDVS";
                                cq_params.siteId = "continente";
                                cq_params.instanceType = "prd";
                                cq_params.locale = window.CQuotient.locale;
                                cq_params.slotId = 'col-category-product-recommendations';
                                cq_params.slotConfigId = 'FOOD Recommender Mercearia - Einstein';
                                cq_params.slotConfigTemplate = 'slots\/recommendation\/recommendedProductsCLP.isml';
                                if(window.CQuotient.sendActivity)
                                    window.CQuotient.sendActivity( CQuotient.clientId, 'viewReco', cq_params );
                                else
                                    window.CQuotient.activities.push( {activityType: 'viewReco', parameters: cq_params} );
                            }
                        } catch(err) {}
                        })();
                        /* ]]> */
                        // -->
                        </script>
                        <script type="text/javascript">//<!--
                        /* <![CDATA[ (viewProduct-active_data.js) */
                        dw.ac._capture({id: "2463432", type: "recommendation"});
                        /* ]]> */
                        // -->
                        </script>
                        <div class="product" data-pid="2463432">
                        <div class="product-tile pid-2463432   ct-product-tile " data-delay-time="3000" data-variants-mapping="[]" data-in-cart-msg="no carrinho" data-one-product-added="Adicionado ao carrinho" data-remove-from-cart-msg="Removido do carrinho" data-stay-open="6000.0" data-product-tile-impression="{&quot;name&quot;:&quot;2463432&quot;,&quot;id&quot;:&quot;2463432&quot;,&quot;price&quot;:1.99,&quot;brand&quot;:&quot;Chips Ahoy&quot;,&quot;category&quot;:[{&quot;category_level_1&quot;:&quot;Mercearia&quot;},{&quot;category_level_2&quot;:&quot;Bolachas, Biscoitos e Tostas&quot;},{&quot;category_level_3&quot;:&quot;Bolachas de Chocolate&quot;}],&quot;variant&quot;:&quot;&quot;}">
                        <div class="ct-inner-tile-wrap row no-gutters justify-content-center align-content-start">
                        
                        <div class="ct-image-container col-4 col-sm" data-confirmation-image="{&quot;url&quot;:&quot;https://www.continente.pt/dw/image/v2/BDVS_PRD/on/demandware.static/-/Sites-col-master-catalog/default/dwd69cc896/images/col/246/2463432-frente.jpg?sw=87&amp;sh=80&quot;,&quot;fallbackimage&quot;:{&quot;url&quot;:&quot;https://www.continente.pt/dw/image/v2/BDVS_PRD/on/demandware.static/Sites-continente-Site/-/default/dw7c42b4da/images/noimagelarge_product.png?sw=87&amp;sh=80&quot;,&quot;title&quot;:&quot;Bolachas Mini Pepitas de Chocolate&quot;,&quot;alt&quot;:&quot;Bolachas Mini Pepitas de Chocolate&quot;},&quot;title&quot;:&quot;Bolachas Mini Pepitas de Chocolate&quot;,&quot;alt&quot;:&quot;Bolachas Mini Pepitas de Chocolate&quot;}">
                        <a href="https://www.continente.pt/produto/bolachas-mini-pepitas-de-chocolate-chips-ahoy-2463432.html?cgid=home" tabindex="-1">
                        <picture class="intrinsic intrinsic--square">
                        <img class="ct-tile-image lazyloaded" loading="lazy" onerror="this.onerror=null;this.src='/on/demandware.static/Sites-continente-Site/-/default/dw7c42b4da/images/noimagelarge_product.png';" data-src="https://www.continente.pt/dw/image/v2/BDVS_PRD/on/demandware.static/-/Sites-col-master-catalog/default/dwd69cc896/images/col/246/2463432-frente.jpg?sw=280&amp;sh=280" alt="Bolachas Mini Pepitas de Chocolate" title="Bolachas Mini Pepitas de Chocolate" src="https://www.continente.pt/dw/image/v2/BDVS_PRD/on/demandware.static/-/Sites-col-master-catalog/default/dwd69cc896/images/col/246/2463432-frente.jpg?sw=280&amp;sh=280">
                        </picture>
                        </a>
                        <div class="color-swatches d-flex" style="margin-left: 5px;">
                        <div class="swatches d-flex">
                        </div>
                        </div>
                        </div>
                        <div class="ct-tile-body col col-sm-auto ">
                        <div class="ct-pdp-details">
                        <div class="ct-pdp-link">
                        <a class="ct-tile--description" href="https://www.continente.pt/produto/bolachas-mini-pepitas-de-chocolate-chips-ahoy-2463432.html?cgid=home" tabindex="-1">Bolachas Mini Pepitas de Chocolate</a>
                        <div class="ct-tile--favorite-top d-sm-none">
                        <button class="wishlist-toggler guest-mode inactive button button--tertiary" data-pid="2463432" data-add-url="https://www.continente.pt/on/demandware.store/Sites-continente-Site/default/Wishlist-AddProduct?pid=2463432" data-toggle="tooltip" aria-label="Adicionar aos favoritos " data-original-title="Adicionar aos favoritos" data-placement="top" tabindex="-1">
                        <svg class="active-content" width="100%" height="100%" viewBox="0 0 20 22" fill="none" xmlns="http://www.w3.org/2000/svg">
                        <path fill-rule="evenodd" clip-rule="evenodd" d="M0 1.53052C0 0.685236 0.692171 0 1.54601 0H15.0736C15.9274 0 16.6196 0.685235 16.6196 1.53052V13.4064L15.8127 13.922L14.2658 14.2658L12.7189 13.4064L10.6054 14.3818C10.4994 14.2451 10.3327 14.157 10.1452 14.157H6.76329C6.4431 14.157 6.18354 14.414 6.18354 14.731C6.18354 15.0479 6.4431 15.3049 6.76329 15.3049H10.1452C10.2478 15.3049 10.3441 15.2785 10.4277 15.2322L10.3126 16.8439L13.2345 20.2793H1.54601C0.69217 20.2793 0 19.5941 0 18.7488V1.53052ZM6.18354 5.5483C6.18354 5.23132 6.4431 4.97436 6.76329 4.97436H12.3676C12.6878 4.97436 12.9473 5.23132 12.9473 5.5483C12.9473 5.86528 12.6878 6.12224 12.3676 6.12224H6.76329C6.4431 6.12224 6.18354 5.86528 6.18354 5.5483ZM6.76329 11.0961C6.4431 11.0961 6.18354 11.3531 6.18354 11.6701C6.18354 11.987 6.4431 12.244 6.76329 12.244H12.3676C12.6878 12.244 12.9473 11.987 12.9473 11.6701C12.9473 11.3531 12.6878 11.0961 12.3676 11.0961H6.76329ZM6.18354 8.60985C6.18354 8.29287 6.4431 8.03591 6.76329 8.03591H12.3676C12.6878 8.03591 12.9473 8.29287 12.9473 8.60985C12.9473 8.92684 12.6878 9.1838 12.3676 9.1838H6.76329C6.4431 9.1838 6.18354 8.92684 6.18354 8.60985ZM3.67118 5.5483C3.67118 5.23132 3.93075 4.97436 4.25093 4.97436H4.63743C4.95762 4.97436 5.21719 5.23132 5.21719 5.5483C5.21719 5.86528 4.95762 6.12224 4.63743 6.12224H4.25093C3.93075 6.12224 3.67118 5.86528 3.67118 5.5483ZM4.25093 11.0961C3.93075 11.0961 3.67118 11.3531 3.67118 11.6701C3.67118 11.987 3.93075 12.244 4.25093 12.244H4.63743C4.95762 12.244 5.21719 11.987 5.21719 11.6701C5.21719 11.3531 4.95762 11.0961 4.63743 11.0961H4.25093ZM3.67118 8.60985C3.67118 8.29287 3.93075 8.03591 4.25093 8.03591H4.63743C4.95762 8.03591 5.21719 8.29287 5.21719 8.60985C5.21719 8.92684 4.95762 9.1838 4.63743 9.1838H4.25093C3.93075 9.1838 3.67118 8.92684 3.67118 8.60985ZM4.25093 14.157C3.93075 14.157 3.67118 14.414 3.67118 14.731C3.67118 15.0479 3.93075 15.3049 4.25093 15.3049H4.63743C4.95762 15.3049 5.21719 15.0479 5.21719 14.731C5.21719 14.414 4.95762 14.157 4.63743 14.157H4.25093Z" fill="#EB0203"></path>
                        <path fill-rule="evenodd" clip-rule="evenodd" d="M14.6252 13.6363C13.4918 12.6215 11.7817 12.5264 10.6569 13.4792C9.12421 14.7764 9.34841 16.8912 10.4409 18.0122L14.0159 21.6742C14.2197 21.8832 14.4928 22 14.7822 22C15.0737 22 15.3448 21.8852 15.5486 21.6762L19.1236 18.0142C20.214 16.8933 20.4423 14.7785 18.9075 13.4792C17.7827 12.5283 16.0724 12.6217 14.9391 13.6365C14.8855 13.6845 14.8331 13.7345 14.7822 13.7866C14.7313 13.7345 14.6789 13.6843 14.6252 13.6363ZM18.1546 14.3522C19.0973 15.1508 18.9962 16.4896 18.2891 17.2173C18.2888 17.2175 18.2886 17.2177 18.2884 17.218L14.7832 20.8084L11.2753 17.2151C11.2752 17.215 11.2751 17.2149 11.2749 17.2148C10.5677 16.4887 10.4678 15.1495 11.4104 14.3518L11.4108 14.3514C12.0745 13.7892 13.2018 13.82 13.9488 14.5846L14.7822 15.4378L15.6157 14.5846C16.3617 13.8211 17.4896 13.79 18.1545 14.3521" fill="#EB0203"></path>
                        </svg>
                        <svg class="inactive-content" width="100%" height="100%" viewBox="0 0 20 23" fill="none" xmlns="http://www.w3.org/2000/svg">
                        <path fill-rule="evenodd" clip-rule="evenodd" d="M6.18408 5.77914C6.18408 5.46223 6.44363 5.20532 6.7638 5.20532H12.3678C12.6879 5.20532 12.9475 5.46223 12.9475 5.77914C12.9475 6.09606 12.6879 6.35297 12.3678 6.35297H6.7638C6.44363 6.35297 6.18408 6.09606 6.18408 5.77914Z" fill="#EB0203"></path>
                        <path fill-rule="evenodd" clip-rule="evenodd" d="M6.18408 11.9034C6.18408 11.5865 6.44363 11.3296 6.7638 11.3296H12.3678C12.6879 11.3296 12.9475 11.5865 12.9475 11.9034C12.9475 12.2202 12.6879 12.4771 12.3678 12.4771H6.7638C6.44363 12.4771 6.18408 12.2202 6.18408 11.9034Z" fill="#EB0203"></path>
                        <path fill-rule="evenodd" clip-rule="evenodd" d="M6.18408 8.84116C6.18408 8.52424 6.44363 8.26733 6.7638 8.26733H12.3678C12.6879 8.26733 12.9475 8.52424 12.9475 8.84116C12.9475 9.15807 12.6879 9.41498 12.3678 9.41498H6.7638C6.44363 9.41498 6.18408 9.15807 6.18408 8.84116Z" fill="#EB0203"></path>
                        <path fill-rule="evenodd" clip-rule="evenodd" d="M6.18408 14.9655C6.18408 14.6486 6.44363 14.3917 6.7638 14.3917H10.1455C10.4657 14.3917 10.7252 14.6486 10.7252 14.9655C10.7252 15.2825 10.4657 15.5394 10.1455 15.5394H6.7638C6.44363 15.5394 6.18408 15.2825 6.18408 14.9655Z" fill="#EB0203"></path>
                        <path fill-rule="evenodd" clip-rule="evenodd" d="M3.67139 5.77914C3.67139 5.46223 3.93094 5.20532 4.25111 5.20532H4.63759C4.95776 5.20532 5.21731 5.46223 5.21731 5.77914C5.21731 6.09606 4.95776 6.35297 4.63759 6.35297H4.25111C3.93094 6.35297 3.67139 6.09606 3.67139 5.77914Z" fill="#EB0203"></path>
                        <path fill-rule="evenodd" clip-rule="evenodd" d="M3.67139 11.9034C3.67139 11.5865 3.93094 11.3296 4.25111 11.3296H4.63759C4.95776 11.3296 5.21731 11.5865 5.21731 11.9034C5.21731 12.2202 4.95776 12.4771 4.63759 12.4771H4.25111C3.93094 12.4771 3.67139 12.2202 3.67139 11.9034Z" fill="#EB0203"></path>
                        <path fill-rule="evenodd" clip-rule="evenodd" d="M3.67139 8.84116C3.67139 8.52424 3.93094 8.26733 4.25111 8.26733H4.63759C4.95776 8.26733 5.21731 8.52424 5.21731 8.84116C5.21731 9.15807 4.95776 9.41498 4.63759 9.41498H4.25111C3.93094 9.41498 3.67139 9.15807 3.67139 8.84116Z" fill="#EB0203"></path>
                        <path fill-rule="evenodd" clip-rule="evenodd" d="M3.67139 14.9655C3.67139 14.6486 3.93094 14.3917 4.25111 14.3917H4.63759C4.95776 14.3917 5.21731 14.6486 5.21731 14.9655C5.21731 15.2825 4.95776 15.5394 4.63759 15.5394H4.25111C3.93094 15.5394 3.67139 15.2825 3.67139 14.9655Z" fill="#EB0203"></path>
                        <path fill-rule="evenodd" clip-rule="evenodd" d="M0 1.76033C0 0.914738 0.692131 0.229248 1.54592 0.229248H15.0727C15.9265 0.229248 16.6186 0.914738 16.6186 1.76033V11.2818C16.6186 11.5989 16.3591 11.8559 16.0389 11.8559C15.7187 11.8559 15.4592 11.5989 15.4592 11.2818V1.76033C15.4592 1.54893 15.2862 1.37756 15.0727 1.37756H1.54592C1.33247 1.37756 1.15944 1.54893 1.15944 1.76033V18.985C1.15944 19.1964 1.33247 19.3678 1.54592 19.3678H9.27551C9.59568 19.3678 9.85523 19.6249 9.85523 19.942C9.85523 20.2591 9.59568 20.5161 9.27551 20.5161H1.54592C0.692131 20.5161 0 19.8306 0 18.985V1.76033Z" fill="#EB0203"></path>
                        <path fill-rule="evenodd" clip-rule="evenodd" d="M14.6254 13.8718C13.4921 12.8567 11.7821 12.7615 10.6574 13.7147C9.12472 15.0124 9.34891 17.128 10.4413 18.2493L14.0161 21.9126C14.2199 22.1217 14.493 22.2386 14.7824 22.2386C15.0739 22.2386 15.3449 22.1238 15.5487 21.9147L19.1235 18.2514C20.2139 17.13 20.4422 15.0144 18.9075 13.7147C17.7827 12.7634 16.0726 12.8569 14.9392 13.872C14.8856 13.92 14.8333 13.9701 14.7824 14.0222C14.7314 13.97 14.6791 13.9199 14.6254 13.8718ZM18.1546 14.588C19.0972 15.3869 18.9961 16.7262 18.2891 17.4541C18.2888 17.4543 18.2886 17.4546 18.2884 17.4548L14.7834 21.0466L11.2757 17.452C11.2756 17.4519 11.2755 17.4517 11.2753 17.4516C10.5681 16.7252 10.4682 15.3856 11.4108 14.5876L11.4112 14.5872C12.0748 14.0248 13.202 14.0556 13.949 14.8205L14.7824 15.674L15.6158 14.8205C16.3618 14.0567 17.4896 14.0256 18.1545 14.5879" fill="#EB0203"></path>
                        </svg>
                        </button>
                        </div>
                        </div>
                        <p class="ct-tile--brand">Chips Ahoy</p>
                        <p class="ct-tile--quantity">emb. 160 gr (4 un)</p>
                        </div>
                        
                        <div class="ct-tile-bottom row no-gutters justify-content-between">
                        <div class="ct-price-wrap col-8 col-sm-12">
                        <div class="price js-product-price">
                        <div class="prices-wrapper">
                        <span class="sales ct-tile--price-primary ">
                        <span class="value" content="1.99">
                        <span class="ct-price-formatted">
                        €1,99
                        </span>
                        <span class="ct-m-unit">
                        /un
                        </span>
                        </span>
                        </span>
                        </div>
                        <div class="ct-tile--price-secondary">
                        <span class="ct-price-value">
                        €12,44
                        </span>
                        <span class="ct-m-unit">
                        /kg
                        </span>
                        </div>
                        </div>
                        </div>
                        <div class="ct-tile-buy-section d-flex justify-content-center no-gutters col-auto col-sm-12">
                        <div class="col-2 d-sm-flex d-none">
                        <button class="wishlist-toggler guest-mode inactive button button--tertiary" data-pid="2463432" data-add-url="https://www.continente.pt/on/demandware.store/Sites-continente-Site/default/Wishlist-AddProduct?pid=2463432" data-toggle="tooltip" aria-label="Adicionar aos favoritos " data-original-title="Adicionar aos favoritos" data-placement="top" tabindex="-1">
                        <svg class="active-content" width="100%" height="100%" viewBox="0 0 20 22" fill="none" xmlns="http://www.w3.org/2000/svg">
                        <path fill-rule="evenodd" clip-rule="evenodd" d="M0 1.53052C0 0.685236 0.692171 0 1.54601 0H15.0736C15.9274 0 16.6196 0.685235 16.6196 1.53052V13.4064L15.8127 13.922L14.2658 14.2658L12.7189 13.4064L10.6054 14.3818C10.4994 14.2451 10.3327 14.157 10.1452 14.157H6.76329C6.4431 14.157 6.18354 14.414 6.18354 14.731C6.18354 15.0479 6.4431 15.3049 6.76329 15.3049H10.1452C10.2478 15.3049 10.3441 15.2785 10.4277 15.2322L10.3126 16.8439L13.2345 20.2793H1.54601C0.69217 20.2793 0 19.5941 0 18.7488V1.53052ZM6.18354 5.5483C6.18354 5.23132 6.4431 4.97436 6.76329 4.97436H12.3676C12.6878 4.97436 12.9473 5.23132 12.9473 5.5483C12.9473 5.86528 12.6878 6.12224 12.3676 6.12224H6.76329C6.4431 6.12224 6.18354 5.86528 6.18354 5.5483ZM6.76329 11.0961C6.4431 11.0961 6.18354 11.3531 6.18354 11.6701C6.18354 11.987 6.4431 12.244 6.76329 12.244H12.3676C12.6878 12.244 12.9473 11.987 12.9473 11.6701C12.9473 11.3531 12.6878 11.0961 12.3676 11.0961H6.76329ZM6.18354 8.60985C6.18354 8.29287 6.4431 8.03591 6.76329 8.03591H12.3676C12.6878 8.03591 12.9473 8.29287 12.9473 8.60985C12.9473 8.92684 12.6878 9.1838 12.3676 9.1838H6.76329C6.4431 9.1838 6.18354 8.92684 6.18354 8.60985ZM3.67118 5.5483C3.67118 5.23132 3.93075 4.97436 4.25093 4.97436H4.63743C4.95762 4.97436 5.21719 5.23132 5.21719 5.5483C5.21719 5.86528 4.95762 6.12224 4.63743 6.12224H4.25093C3.93075 6.12224 3.67118 5.86528 3.67118 5.5483ZM4.25093 11.0961C3.93075 11.0961 3.67118 11.3531 3.67118 11.6701C3.67118 11.987 3.93075 12.244 4.25093 12.244H4.63743C4.95762 12.244 5.21719 11.987 5.21719 11.6701C5.21719 11.3531 4.95762 11.0961 4.63743 11.0961H4.25093ZM3.67118 8.60985C3.67118 8.29287 3.93075 8.03591 4.25093 8.03591H4.63743C4.95762 8.03591 5.21719 8.29287 5.21719 8.60985C5.21719 8.92684 4.95762 9.1838 4.63743 9.1838H4.25093C3.93075 9.1838 3.67118 8.92684 3.67118 8.60985ZM4.25093 14.157C3.93075 14.157 3.67118 14.414 3.67118 14.731C3.67118 15.0479 3.93075 15.3049 4.25093 15.3049H4.63743C4.95762 15.3049 5.21719 15.0479 5.21719 14.731C5.21719 14.414 4.95762 14.157 4.63743 14.157H4.25093Z" fill="#EB0203"></path>
                        <path fill-rule="evenodd" clip-rule="evenodd" d="M14.6252 13.6363C13.4918 12.6215 11.7817 12.5264 10.6569 13.4792C9.12421 14.7764 9.34841 16.8912 10.4409 18.0122L14.0159 21.6742C14.2197 21.8832 14.4928 22 14.7822 22C15.0737 22 15.3448 21.8852 15.5486 21.6762L19.1236 18.0142C20.214 16.8933 20.4423 14.7785 18.9075 13.4792C17.7827 12.5283 16.0724 12.6217 14.9391 13.6365C14.8855 13.6845 14.8331 13.7345 14.7822 13.7866C14.7313 13.7345 14.6789 13.6843 14.6252 13.6363ZM18.1546 14.3522C19.0973 15.1508 18.9962 16.4896 18.2891 17.2173C18.2888 17.2175 18.2886 17.2177 18.2884 17.218L14.7832 20.8084L11.2753 17.2151C11.2752 17.215 11.2751 17.2149 11.2749 17.2148C10.5677 16.4887 10.4678 15.1495 11.4104 14.3518L11.4108 14.3514C12.0745 13.7892 13.2018 13.82 13.9488 14.5846L14.7822 15.4378L15.6157 14.5846C16.3617 13.8211 17.4896 13.79 18.1545 14.3521" fill="#EB0203"></path>
                        </svg>
                        <svg class="inactive-content" width="100%" height="100%" viewBox="0 0 20 23" fill="none" xmlns="http://www.w3.org/2000/svg">
                        <path fill-rule="evenodd" clip-rule="evenodd" d="M6.18408 5.77914C6.18408 5.46223 6.44363 5.20532 6.7638 5.20532H12.3678C12.6879 5.20532 12.9475 5.46223 12.9475 5.77914C12.9475 6.09606 12.6879 6.35297 12.3678 6.35297H6.7638C6.44363 6.35297 6.18408 6.09606 6.18408 5.77914Z" fill="#EB0203"></path>
                        <path fill-rule="evenodd" clip-rule="evenodd" d="M6.18408 11.9034C6.18408 11.5865 6.44363 11.3296 6.7638 11.3296H12.3678C12.6879 11.3296 12.9475 11.5865 12.9475 11.9034C12.9475 12.2202 12.6879 12.4771 12.3678 12.4771H6.7638C6.44363 12.4771 6.18408 12.2202 6.18408 11.9034Z" fill="#EB0203"></path>
                        <path fill-rule="evenodd" clip-rule="evenodd" d="M6.18408 8.84116C6.18408 8.52424 6.44363 8.26733 6.7638 8.26733H12.3678C12.6879 8.26733 12.9475 8.52424 12.9475 8.84116C12.9475 9.15807 12.6879 9.41498 12.3678 9.41498H6.7638C6.44363 9.41498 6.18408 9.15807 6.18408 8.84116Z" fill="#EB0203"></path>
                        <path fill-rule="evenodd" clip-rule="evenodd" d="M6.18408 14.9655C6.18408 14.6486 6.44363 14.3917 6.7638 14.3917H10.1455C10.4657 14.3917 10.7252 14.6486 10.7252 14.9655C10.7252 15.2825 10.4657 15.5394 10.1455 15.5394H6.7638C6.44363 15.5394 6.18408 15.2825 6.18408 14.9655Z" fill="#EB0203"></path>
                        <path fill-rule="evenodd" clip-rule="evenodd" d="M3.67139 5.77914C3.67139 5.46223 3.93094 5.20532 4.25111 5.20532H4.63759C4.95776 5.20532 5.21731 5.46223 5.21731 5.77914C5.21731 6.09606 4.95776 6.35297 4.63759 6.35297H4.25111C3.93094 6.35297 3.67139 6.09606 3.67139 5.77914Z" fill="#EB0203"></path>
                        <path fill-rule="evenodd" clip-rule="evenodd" d="M3.67139 11.9034C3.67139 11.5865 3.93094 11.3296 4.25111 11.3296H4.63759C4.95776 11.3296 5.21731 11.5865 5.21731 11.9034C5.21731 12.2202 4.95776 12.4771 4.63759 12.4771H4.25111C3.93094 12.4771 3.67139 12.2202 3.67139 11.9034Z" fill="#EB0203"></path>
                        <path fill-rule="evenodd" clip-rule="evenodd" d="M3.67139 8.84116C3.67139 8.52424 3.93094 8.26733 4.25111 8.26733H4.63759C4.95776 8.26733 5.21731 8.52424 5.21731 8.84116C5.21731 9.15807 4.95776 9.41498 4.63759 9.41498H4.25111C3.93094 9.41498 3.67139 9.15807 3.67139 8.84116Z" fill="#EB0203"></path>
                        <path fill-rule="evenodd" clip-rule="evenodd" d="M3.67139 14.9655C3.67139 14.6486 3.93094 14.3917 4.25111 14.3917H4.63759C4.95776 14.3917 5.21731 14.6486 5.21731 14.9655C5.21731 15.2825 4.95776 15.5394 4.63759 15.5394H4.25111C3.93094 15.5394 3.67139 15.2825 3.67139 14.9655Z" fill="#EB0203"></path>
                        <path fill-rule="evenodd" clip-rule="evenodd" d="M0 1.76033C0 0.914738 0.692131 0.229248 1.54592 0.229248H15.0727C15.9265 0.229248 16.6186 0.914738 16.6186 1.76033V11.2818C16.6186 11.5989 16.3591 11.8559 16.0389 11.8559C15.7187 11.8559 15.4592 11.5989 15.4592 11.2818V1.76033C15.4592 1.54893 15.2862 1.37756 15.0727 1.37756H1.54592C1.33247 1.37756 1.15944 1.54893 1.15944 1.76033V18.985C1.15944 19.1964 1.33247 19.3678 1.54592 19.3678H9.27551C9.59568 19.3678 9.85523 19.6249 9.85523 19.942C9.85523 20.2591 9.59568 20.5161 9.27551 20.5161H1.54592C0.692131 20.5161 0 19.8306 0 18.985V1.76033Z" fill="#EB0203"></path>
                        <path fill-rule="evenodd" clip-rule="evenodd" d="M14.6254 13.8718C13.4921 12.8567 11.7821 12.7615 10.6574 13.7147C9.12472 15.0124 9.34891 17.128 10.4413 18.2493L14.0161 21.9126C14.2199 22.1217 14.493 22.2386 14.7824 22.2386C15.0739 22.2386 15.3449 22.1238 15.5487 21.9147L19.1235 18.2514C20.2139 17.13 20.4422 15.0144 18.9075 13.7147C17.7827 12.7634 16.0726 12.8569 14.9392 13.872C14.8856 13.92 14.8333 13.9701 14.7824 14.0222C14.7314 13.97 14.6791 13.9199 14.6254 13.8718ZM18.1546 14.588C19.0972 15.3869 18.9961 16.7262 18.2891 17.4541C18.2888 17.4543 18.2886 17.4546 18.2884 17.4548L14.7834 21.0466L11.2757 17.452C11.2756 17.4519 11.2755 17.4517 11.2753 17.4516C10.5681 16.7252 10.4682 15.3856 11.4108 14.5876L11.4112 14.5872C12.0748 14.0248 13.202 14.0556 13.949 14.8205L14.7824 15.674L15.6158 14.8205C16.3618 14.0567 17.4896 14.0256 18.1545 14.5879" fill="#EB0203"></path>
                        </svg>
                        </button>
                        </div>
                        <div class="col-sm-10 col-12">
                        <div class="ct-tile-quantity d-none" data-pid="2463432">
                        <input type="hidden" class="add-to-cart-url" value="https://www.continente.pt/on/demandware.store/Sites-continente-Site/default/Cart-AddProduct" tabindex="-1">
                        <div class="d-none tile-delete-confirmation-btn" data-pid="2463432" data-delay-time="3000" data-in-cart-msg="no carrinho" data-one-product-added="Adicionado ao carrinho" data-remove-from-cart-msg="Removido do carrinho" data-stay-open="6000.0" data-confirmation-image="{&quot;url&quot;:&quot;https://www.continente.pt/dw/image/v2/BDVS_PRD/on/demandware.static/-/Sites-col-master-catalog/default/dwd69cc896/images/col/246/2463432-frente.jpg?sw=87&amp;sh=80&quot;,&quot;fallbackimage&quot;:{&quot;url&quot;:&quot;https://www.continente.pt/dw/image/v2/BDVS_PRD/on/demandware.static/Sites-continente-Site/-/default/dw7c42b4da/images/noimagelarge_product.png?sw=87&amp;sh=80&quot;,&quot;title&quot;:&quot;Bolachas Mini Pepitas de Chocolate&quot;,&quot;alt&quot;:&quot;Bolachas Mini Pepitas de Chocolate&quot;},&quot;title&quot;:&quot;Bolachas Mini Pepitas de Chocolate&quot;,&quot;alt&quot;:&quot;Bolachas Mini Pepitas de Chocolate&quot;}"></div>
                        <div class="ct-tile-quantity-update quantity-update product-qty-vue" data-remove-action="https://www.continente.pt/on/demandware.store/Sites-continente-Site/default/Cart-RemoveProductLineItem" data-action="https://www.continente.pt/on/demandware.store/Sites-continente-Site/default/Cart-UpdateQuantity" data-dimension-update="https://www.continente.pt/on/demandware.store/Sites-continente-Site/default/Cart-DimensionUpdate" data-pid="2463432" data-uuid="4b452854f4a512d162203b8707" data-add-delay="500.0" data-measure-options="{&quot;hasConversionRate&quot;:false,&quot;hasAlternativeSaleUnit&quot;:false,&quot;unitConversionRate&quot;:null,&quot;minOrderQuantity&quot;:1,&quot;stepQuantity&quot;:1,&quot;primaryunit&quot;:&quot;un&quot;,&quot;secondaryunit&quot;:&quot;kg&quot;,&quot;selectedunit&quot;:&quot;primary&quot;,&quot;maxNumberOfUnitsPerSale&quot;:50}" data-price-available="null" :data-has-error="isMaxQtyReached || isMinQtyReached || qtySelectedMoreThanOne">
                        <template v-show="prodUnits">
                        <div class="quantity-input-wrapper has-units">
                        <label class="visually-hidden" :for="'quantity-' + pid + additionalTag">
                        Quantidade no carrinho
                        </label>
                        <input :ref="'quantityInput-' + pid + additionalTag" class="add-to-cart-quantity form-control ct-form-input text-center" inputmode="numeric" :class="{'is-invalid': isInvalid}" :data-pid="pid + additionalTag" :name="'quantity-' + pid + additionalTag" type="text" aria-label="Insira a quantidade" title="" v-model="displayValue" @change="updateQuantity" @focus="updateQtyFormat" @blur="restoreQtyFormat" :disabled="!isPriceAvailable">
                        <span class="quantity-icon quantity-icon--minus">
                        <button class="decrease-quantity-btn" @click="updateQuantity" :disabled="!isPriceAvailable" role="button" aria-label="Reduzir quantidade">
                        <i class="css-math-minus"></i>
                        </button>
                        </span>
                        <span class="quantity-icon quantity-icon--plus">
                        <button class="increase-quantity-btn" @click="updateQuantity" :disabled="isMaxQtyReached || !isPriceAvailable" role="button" aria-label="Aumentar quantidade">
                        <i class="css-math-plus"></i>
                        </button>
                        <span class="quantity-btn-disabled-placeholder"></span>
                        </span>
                        <template v-if="isPDP">
                        <span class="quantity-error ct-span-error text-sm-center product-max-allocation" v-if="isMaxQtyReached">
                        Quantidade máxima atingida
                        </span>
                        <span class="quantity-error ct-span-product text-sm-center product-allocation" v-if="!isMinQtyReached &amp;&amp; !isMaxQtyReached">
                        {{quantitySelected}} no carrinho
                        </span>
                        <span class="quantity-error ct-span-error text-sm-center product-min-allocation" :data-pid="pid" v-if="isMinQtyReached &amp;&amp; !isMaxQtyReached">
                        Quantidade mínima atingida
                        </span>
                        </template>
                        </div>
                        <template v-if="showNotes">
                        <div class="add-note-link-container ">
                        <div class="add-note">
                        <a href="/produto/bolachas-mini-pepitas-de-chocolate-chips-ahoy-2463432.html?showNote=true" class="ct-add-note-redirect-pdp" aria-label="Adicionar comentário">
                        <span class="svg-wrapper svg-icon-notes" style="width:19px; height:20px">
                        <svg class="svg-inline icon-notes" viewBox="0 0 28 30" xmlns="http://www.w3.org/2000/svg" width="100%" height="100%"><path d="M21.738 0C22.985 0 24 1.04 24 2.319V12.47c0 .469-.37.848-.828.848-.457 0-.827-.38-.827-.848V2.32c0-.343-.273-.622-.607-.622H2.262c-.334 0-.607.279-.607.622V27.68c0 .343.273.622.607.622h7.81c.457 0 .827.38.827.849 0 .468-.37.848-.827.848h-7.81C1.015 30 0 28.96 0 27.681V2.32C0 1.04 1.015 0 2.262 0h19.476zm2.844 16.004l.227.007c.823.053 1.589.39 2.176.964.64.627.993 1.46.993 2.349 0 .888-.353 1.722-.993 2.348l-6.83 6.665c-.11.108-.247.186-.397.226l-5.032 1.363c-.078.021-.16.032-.241.032-.242 0-.478-.097-.647-.266-.23-.231-.314-.566-.218-.874l1.49-4.798c.044-.139.122-.266.227-.369l6.844-6.677c.64-.625 1.493-.97 2.401-.97zm-2.886 3.94l-4.922 4.802-.947 3.048 3.22-.872 4.897-4.78-2.248-2.197zm2.887-2.174c-.425 0-.824.162-1.124.455l-.484.472 2.248 2.197.484-.472c.62-.606.62-1.591 0-2.197l-.117-.104c-.283-.227-.636-.35-1.007-.35zm-10.839.022c.498 0 .904.396.904.883 0 .488-.406.884-.904.884H5.946c-.499 0-.904-.396-.904-.884 0-.487.405-.883.904-.883zm5.042-4.876c.498 0 .904.397.904.884s-.406.884-.904.884H5.946c-.499 0-.904-.397-.904-.884s.405-.884.904-.884zm0-4.875c.498 0 .904.396.904.884 0 .487-.406.883-.904.883H5.946c-.499 0-.904-.396-.904-.883 0-.488.405-.884.904-.884z" fill="#EB0203" fill-rule="evenodd"></path></svg>
                        </span>
                        <div class="available-note d-none"></div>
                        </a>
                        </div>
                        </div>
                        </template>
                        <div class="measurement-unit-section" v-if="isPriceAvailable &amp;&amp; prodUnits ? prodUnits.hasAlternativeUnit : false">
                        <div class="ct-form-radio" @click="setDimension">
                        <input type="radio" title="" class="ct-form-check-input product-measurement-unit" :data-type="prodUnits.selectedUnit == prodUnits.secondaryUnit ? 'primary' : ''" :id="prodUnits.secondaryUnit + '-' + pid + '-measurement-unit-ptile' + additionalTag" :name="'measurement-unit-' + pid + '-ptile' + additionalTag" :value="prodUnits.secondaryUnit" v-model="prodUnits.selectedUnit">
                        <label :class="prodUnits.secondaryUnit + '-label ct-form-check-label mb-0'" :for="prodUnits.secondaryUnit + '-' + pid + '-measurement-unit-ptile' + additionalTag">
                        {{prodUnits.secondaryUnit}}
                        </label>
                        <span class="checkmark"></span>
                        </div>
                        <div class="ct-form-radio" @click="setDimension">
                        <input type="radio" title="" class="ct-form-check-input product-measurement-unit" :data-type="prodUnits.selectedUnit == prodUnits.primaryUnit ? 'primary' : ''" :id="prodUnits.primaryUnit + '-' + pid + '-measurement-unit-ptile' + additionalTag" :name="'measurement-unit-' + pid + '-ptile' + additionalTag" :value="prodUnits.primaryUnit" v-model="prodUnits.selectedUnit">
                        <label :class="prodUnits.primaryUnit + '-label ct-form-check-label mb-0'" :for="prodUnits.primaryUnit + '-' + pid + '-measurement-unit-ptile' + additionalTag">
                        {{prodUnits.primaryUnit}}
                        </label>
                        <span class="checkmark"></span>
                        </div>
                        </div>
                        <template v-if="!isPDP &amp;&amp; isPriceAvailable">
                        <span class="quantity-error ct-span-error product-max-allocation" v-if="isMaxQtyReached">
                        Quantidade máxima atingida
                        </span>
                        <span class="quantity-error ct-span-product product-allocation" v-if="!isMinQtyReached &amp;&amp; !isMaxQtyReached">
                        {{quantitySelected}} no carrinho
                        </span>
                        <span class="quantity-error ct-span-error product-min-allocation" :data-pid="pid" v-if="isMinQtyReached &amp;&amp; !isMaxQtyReached">
                        Quantidade mínima atingida
                        </span>
                        </template>
                        </template>
                        </div>
                        <input class="quantity-value-mask d-none" name="quantity" type="number" min="0" value="" tabindex="-1">
                        </div>
                        <button type="button" class="add-to-cart button js-add-to-cart js-add-to-cart-tile 2463432 button--primary dynamic-layout-btn" data-toggle="modal" data-target="#chooseBonusProductModal" data-pid="2463432" data-quantity-value="null" aria-label="Carrinho" tabindex="-1">
                        <span class="d-block d-sm-none">
                        <span class="svg-wrapper svg-icon-cart" style="width:20px; height:20px">
                        <svg class="svg-inline icon-cart" xmlns="http://www.w3.org/2000/svg" viewBox="0 0 500 500" width="100%" height="100%"><path fill="#EB0203" fill-rule="evenodd" d="M 485.67317,94.386311 C 476.37798,83.847129 463.09468,78.03348 448.30404,78.03348 H 90.690813 L 87.079511,51.327997 C 83.185582,22.539551 62.962285,0 41.011841,0 H 14.727836 C 6.563151,0 0,6.5286975 0,14.580758 c 0,8.05206 6.5945535,14.580758 14.727836,14.580758 h 26.284005 c 4.710398,0 14.696435,9.855222 16.894619,26.021523 L 100.01739,368.0631 c 1.88416,13.77244 9.01256,26.70549 20.1605,36.37417 8.25889,7.15046 18.02511,11.9071 28.26237,13.89679 -4.17655,7.58572 -6.53175,16.25957 -6.53175,25.493 0,29.53459 24.27424,53.59751 54.13815,53.59751 29.8325,0 54.13814,-24.03184 54.13814,-53.59751 0,-8.79818 -2.19818,-17.09897 -5.9979,-24.43598 h 77.12488 c -3.79973,7.33701 -5.96652,15.6378 -5.96652,24.43598 0,29.53459 24.27424,53.59751 54.13817,53.59751 29.83249,0 54.13814,-24.03184 54.13814,-53.59751 0,-8.79818 -2.1982,-17.09897 -5.9979,-24.43598 h 38.56243 c 8.13328,0 14.72783,-6.5287 14.72783,-14.61183 0,-8.02098 -6.59455,-14.54967 -14.72783,-14.54967 H 159.24277 c -14.38241,0 -28.13677,-11.90711 -30.02092,-26.02153 l -3.07746,-22.88154 h 290.6314 c 14.03698,0 27.94834,-5.28513 39.06488,-14.95381 11.11652,-9.6376 18.27632,-22.57065 20.16048,-36.37417 l 21.10259,-156.78201 c 1.94694,-14.51858 -2.10398,-28.29103 -11.43057,-38.861299 z M 220.76053,443.82706 c 0,13.49265 -11.08513,24.46709 -24.68247,24.46709 -13.62874,0 -24.71387,-10.97444 -24.71387,-24.46709 0,-13.49262 11.08513,-24.43598 24.71387,-24.43598 13.59734,0 24.68247,10.94336 24.68247,24.43598 z m 173.43675,0 c 0,13.49265 -11.08512,24.46709 -24.68245,24.46709 -13.62876,0 -24.71388,-10.97444 -24.71388,-24.46709 0,-13.49262 11.08512,-24.43598 24.71388,-24.43598 13.59733,0 24.68245,10.94336 24.68245,24.43598 z m 73.7648,-314.46558 -21.13397,156.782 c -1.88416,14.11442 -15.63851,26.05261 -30.02091,26.05261 H 122.25046 L 94.616142,107.19499 H 448.33544 c 6.18632,0 11.61896,2.2695 15.23028,6.37326 3.64269,4.13484 5.21283,9.73086 4.39636,15.79323 z"></path></svg>
                        </span>
                        </span>
                        <span class="add-to-cart--text d-none d-sm-block">Carrinho</span>
                        </button>
                        </div>
                        </div>
                        </div>
                        </div>
                        
                        <div class="col-12 d-sm-none">
                        </div>
                        </div>
                        </div>
                        </div>
                        </div><div class="pd-tile-wrap slick-slide slick-cloned" data-idx="4" style="height: auto; width: 221px;" data-slick-index="13" id="" aria-hidden="true" tabindex="-1">
                        
                        <script type="text/javascript">//<!--
                        /* <![CDATA[ */
                        (function(){
                        try {
                            if(window.CQuotient) {
                                var cq_params = {};
                                cq_params.cookieId = window.CQuotient.getCQCookieId();
                                cq_params.userId = window.CQuotient.getCQUserId();
                                cq_params.emailId = CQuotient.getCQHashedEmail();
                                cq_params.loginId = CQuotient.getCQHashedLogin();
                                cq_params.accumulate = true;
                                cq_params.products = [{
                                    id: '4896095',
                                    sku: '',
                                    type: '',
                                    alt_id: ''
                                }];
                                cq_params.recommenderName = 'FOOD-MERCEARIA';
                                cq_params.realm = "BDVS";
                                cq_params.siteId = "continente";
                                cq_params.instanceType = "prd";
                                cq_params.locale = window.CQuotient.locale;
                                cq_params.slotId = 'col-category-product-recommendations';
                                cq_params.slotConfigId = 'FOOD Recommender Mercearia - Einstein';
                                cq_params.slotConfigTemplate = 'slots\/recommendation\/recommendedProductsCLP.isml';
                                if(window.CQuotient.sendActivity)
                                    window.CQuotient.sendActivity( CQuotient.clientId, 'viewReco', cq_params );
                                else
                                    window.CQuotient.activities.push( {activityType: 'viewReco', parameters: cq_params} );
                            }
                        } catch(err) {}
                        })();
                        /* ]]> */
                        // -->
                        </script>
                        <script type="text/javascript">//<!--
                        /* <![CDATA[ (viewProduct-active_data.js) */
                        dw.ac._capture({id: "4896095", type: "recommendation"});
                        /* ]]> */
                        // -->
                        </script>
                        <div class="product" data-pid="4896095">
                        <div class="product-tile pid-4896095   ct-product-tile " data-delay-time="3000" data-variants-mapping="[]" data-in-cart-msg="no carrinho" data-one-product-added="Adicionado ao carrinho" data-remove-from-cart-msg="Removido do carrinho" data-stay-open="6000.0" data-product-tile-impression="{&quot;name&quot;:&quot;4896095&quot;,&quot;id&quot;:&quot;4896095&quot;,&quot;price&quot;:2.19,&quot;brand&quot;:&quot;Lays&quot;,&quot;category&quot;:[{&quot;category_level_1&quot;:&quot;Mercearia&quot;},{&quot;category_level_2&quot;:&quot;Snacks e Batatas Fritas&quot;},{&quot;category_level_3&quot;:&quot;Batatas Fritas&quot;}],&quot;variant&quot;:&quot;&quot;}">
                        <div class="ct-inner-tile-wrap row no-gutters justify-content-center align-content-start">
                        
                        <div class="ct-image-container col-4 col-sm" data-confirmation-image="{&quot;url&quot;:&quot;https://www.continente.pt/dw/image/v2/BDVS_PRD/on/demandware.static/-/Sites-col-master-catalog/default/dw2268803e/images/col/489/4896095-frente.jpg?sw=87&amp;sh=80&quot;,&quot;fallbackimage&quot;:{&quot;url&quot;:&quot;https://www.continente.pt/dw/image/v2/BDVS_PRD/on/demandware.static/Sites-continente-Site/-/default/dw7c42b4da/images/noimagelarge_product.png?sw=87&amp;sh=80&quot;,&quot;title&quot;:&quot;Batata Frita Forno Ondulada Original&quot;,&quot;alt&quot;:&quot;Batata Frita Forno Ondulada Original&quot;},&quot;title&quot;:&quot;Batata Frita Forno Ondulada Original&quot;,&quot;alt&quot;:&quot;Batata Frita Forno Ondulada Original&quot;}">
                        <a href="https://www.continente.pt/produto/batata-frita-forno-ondulada-original-lays-4896095.html?cgid=home" tabindex="-1">
                        <picture class="intrinsic intrinsic--square">
                        <img class="ct-tile-image lazyloaded" loading="lazy" onerror="this.onerror=null;this.src='/on/demandware.static/Sites-continente-Site/-/default/dw7c42b4da/images/noimagelarge_product.png';" data-src="https://www.continente.pt/dw/image/v2/BDVS_PRD/on/demandware.static/-/Sites-col-master-catalog/default/dw2268803e/images/col/489/4896095-frente.jpg?sw=280&amp;sh=280" alt="Batata Frita Forno Ondulada Original" title="Batata Frita Forno Ondulada Original" src="https://www.continente.pt/dw/image/v2/BDVS_PRD/on/demandware.static/-/Sites-col-master-catalog/default/dw2268803e/images/col/489/4896095-frente.jpg?sw=280&amp;sh=280">
                        </picture>
                        </a>
                        <div class="color-swatches d-flex" style="margin-left: 5px;">
                        <div class="swatches d-flex">
                        </div>
                        </div>
                        </div>
                        <div class="ct-tile-body col col-sm-auto ">
                        <div class="ct-pdp-details">
                        <div class="ct-pdp-link">
                        <a class="ct-tile--description" href="https://www.continente.pt/produto/batata-frita-forno-ondulada-original-lays-4896095.html?cgid=home" tabindex="-1">Batata Frita Forno Ondulada Original</a>
                        <div class="ct-tile--favorite-top d-sm-none">
                        <button class="wishlist-toggler guest-mode inactive button button--tertiary" data-pid="4896095" data-add-url="https://www.continente.pt/on/demandware.store/Sites-continente-Site/default/Wishlist-AddProduct?pid=4896095" data-toggle="tooltip" aria-label="Adicionar aos favoritos " data-original-title="Adicionar aos favoritos" data-placement="top" tabindex="-1">
                        <svg class="active-content" width="100%" height="100%" viewBox="0 0 20 22" fill="none" xmlns="http://www.w3.org/2000/svg">
                        <path fill-rule="evenodd" clip-rule="evenodd" d="M0 1.53052C0 0.685236 0.692171 0 1.54601 0H15.0736C15.9274 0 16.6196 0.685235 16.6196 1.53052V13.4064L15.8127 13.922L14.2658 14.2658L12.7189 13.4064L10.6054 14.3818C10.4994 14.2451 10.3327 14.157 10.1452 14.157H6.76329C6.4431 14.157 6.18354 14.414 6.18354 14.731C6.18354 15.0479 6.4431 15.3049 6.76329 15.3049H10.1452C10.2478 15.3049 10.3441 15.2785 10.4277 15.2322L10.3126 16.8439L13.2345 20.2793H1.54601C0.69217 20.2793 0 19.5941 0 18.7488V1.53052ZM6.18354 5.5483C6.18354 5.23132 6.4431 4.97436 6.76329 4.97436H12.3676C12.6878 4.97436 12.9473 5.23132 12.9473 5.5483C12.9473 5.86528 12.6878 6.12224 12.3676 6.12224H6.76329C6.4431 6.12224 6.18354 5.86528 6.18354 5.5483ZM6.76329 11.0961C6.4431 11.0961 6.18354 11.3531 6.18354 11.6701C6.18354 11.987 6.4431 12.244 6.76329 12.244H12.3676C12.6878 12.244 12.9473 11.987 12.9473 11.6701C12.9473 11.3531 12.6878 11.0961 12.3676 11.0961H6.76329ZM6.18354 8.60985C6.18354 8.29287 6.4431 8.03591 6.76329 8.03591H12.3676C12.6878 8.03591 12.9473 8.29287 12.9473 8.60985C12.9473 8.92684 12.6878 9.1838 12.3676 9.1838H6.76329C6.4431 9.1838 6.18354 8.92684 6.18354 8.60985ZM3.67118 5.5483C3.67118 5.23132 3.93075 4.97436 4.25093 4.97436H4.63743C4.95762 4.97436 5.21719 5.23132 5.21719 5.5483C5.21719 5.86528 4.95762 6.12224 4.63743 6.12224H4.25093C3.93075 6.12224 3.67118 5.86528 3.67118 5.5483ZM4.25093 11.0961C3.93075 11.0961 3.67118 11.3531 3.67118 11.6701C3.67118 11.987 3.93075 12.244 4.25093 12.244H4.63743C4.95762 12.244 5.21719 11.987 5.21719 11.6701C5.21719 11.3531 4.95762 11.0961 4.63743 11.0961H4.25093ZM3.67118 8.60985C3.67118 8.29287 3.93075 8.03591 4.25093 8.03591H4.63743C4.95762 8.03591 5.21719 8.29287 5.21719 8.60985C5.21719 8.92684 4.95762 9.1838 4.63743 9.1838H4.25093C3.93075 9.1838 3.67118 8.92684 3.67118 8.60985ZM4.25093 14.157C3.93075 14.157 3.67118 14.414 3.67118 14.731C3.67118 15.0479 3.93075 15.3049 4.25093 15.3049H4.63743C4.95762 15.3049 5.21719 15.0479 5.21719 14.731C5.21719 14.414 4.95762 14.157 4.63743 14.157H4.25093Z" fill="#EB0203"></path>
                        <path fill-rule="evenodd" clip-rule="evenodd" d="M14.6252 13.6363C13.4918 12.6215 11.7817 12.5264 10.6569 13.4792C9.12421 14.7764 9.34841 16.8912 10.4409 18.0122L14.0159 21.6742C14.2197 21.8832 14.4928 22 14.7822 22C15.0737 22 15.3448 21.8852 15.5486 21.6762L19.1236 18.0142C20.214 16.8933 20.4423 14.7785 18.9075 13.4792C17.7827 12.5283 16.0724 12.6217 14.9391 13.6365C14.8855 13.6845 14.8331 13.7345 14.7822 13.7866C14.7313 13.7345 14.6789 13.6843 14.6252 13.6363ZM18.1546 14.3522C19.0973 15.1508 18.9962 16.4896 18.2891 17.2173C18.2888 17.2175 18.2886 17.2177 18.2884 17.218L14.7832 20.8084L11.2753 17.2151C11.2752 17.215 11.2751 17.2149 11.2749 17.2148C10.5677 16.4887 10.4678 15.1495 11.4104 14.3518L11.4108 14.3514C12.0745 13.7892 13.2018 13.82 13.9488 14.5846L14.7822 15.4378L15.6157 14.5846C16.3617 13.8211 17.4896 13.79 18.1545 14.3521" fill="#EB0203"></path>
                        </svg>
                        <svg class="inactive-content" width="100%" height="100%" viewBox="0 0 20 23" fill="none" xmlns="http://www.w3.org/2000/svg">
                        <path fill-rule="evenodd" clip-rule="evenodd" d="M6.18408 5.77914C6.18408 5.46223 6.44363 5.20532 6.7638 5.20532H12.3678C12.6879 5.20532 12.9475 5.46223 12.9475 5.77914C12.9475 6.09606 12.6879 6.35297 12.3678 6.35297H6.7638C6.44363 6.35297 6.18408 6.09606 6.18408 5.77914Z" fill="#EB0203"></path>
                        <path fill-rule="evenodd" clip-rule="evenodd" d="M6.18408 11.9034C6.18408 11.5865 6.44363 11.3296 6.7638 11.3296H12.3678C12.6879 11.3296 12.9475 11.5865 12.9475 11.9034C12.9475 12.2202 12.6879 12.4771 12.3678 12.4771H6.7638C6.44363 12.4771 6.18408 12.2202 6.18408 11.9034Z" fill="#EB0203"></path>
                        <path fill-rule="evenodd" clip-rule="evenodd" d="M6.18408 8.84116C6.18408 8.52424 6.44363 8.26733 6.7638 8.26733H12.3678C12.6879 8.26733 12.9475 8.52424 12.9475 8.84116C12.9475 9.15807 12.6879 9.41498 12.3678 9.41498H6.7638C6.44363 9.41498 6.18408 9.15807 6.18408 8.84116Z" fill="#EB0203"></path>
                        <path fill-rule="evenodd" clip-rule="evenodd" d="M6.18408 14.9655C6.18408 14.6486 6.44363 14.3917 6.7638 14.3917H10.1455C10.4657 14.3917 10.7252 14.6486 10.7252 14.9655C10.7252 15.2825 10.4657 15.5394 10.1455 15.5394H6.7638C6.44363 15.5394 6.18408 15.2825 6.18408 14.9655Z" fill="#EB0203"></path>
                        <path fill-rule="evenodd" clip-rule="evenodd" d="M3.67139 5.77914C3.67139 5.46223 3.93094 5.20532 4.25111 5.20532H4.63759C4.95776 5.20532 5.21731 5.46223 5.21731 5.77914C5.21731 6.09606 4.95776 6.35297 4.63759 6.35297H4.25111C3.93094 6.35297 3.67139 6.09606 3.67139 5.77914Z" fill="#EB0203"></path>
                        <path fill-rule="evenodd" clip-rule="evenodd" d="M3.67139 11.9034C3.67139 11.5865 3.93094 11.3296 4.25111 11.3296H4.63759C4.95776 11.3296 5.21731 11.5865 5.21731 11.9034C5.21731 12.2202 4.95776 12.4771 4.63759 12.4771H4.25111C3.93094 12.4771 3.67139 12.2202 3.67139 11.9034Z" fill="#EB0203"></path>
                        <path fill-rule="evenodd" clip-rule="evenodd" d="M3.67139 8.84116C3.67139 8.52424 3.93094 8.26733 4.25111 8.26733H4.63759C4.95776 8.26733 5.21731 8.52424 5.21731 8.84116C5.21731 9.15807 4.95776 9.41498 4.63759 9.41498H4.25111C3.93094 9.41498 3.67139 9.15807 3.67139 8.84116Z" fill="#EB0203"></path>
                        <path fill-rule="evenodd" clip-rule="evenodd" d="M3.67139 14.9655C3.67139 14.6486 3.93094 14.3917 4.25111 14.3917H4.63759C4.95776 14.3917 5.21731 14.6486 5.21731 14.9655C5.21731 15.2825 4.95776 15.5394 4.63759 15.5394H4.25111C3.93094 15.5394 3.67139 15.2825 3.67139 14.9655Z" fill="#EB0203"></path>
                        <path fill-rule="evenodd" clip-rule="evenodd" d="M0 1.76033C0 0.914738 0.692131 0.229248 1.54592 0.229248H15.0727C15.9265 0.229248 16.6186 0.914738 16.6186 1.76033V11.2818C16.6186 11.5989 16.3591 11.8559 16.0389 11.8559C15.7187 11.8559 15.4592 11.5989 15.4592 11.2818V1.76033C15.4592 1.54893 15.2862 1.37756 15.0727 1.37756H1.54592C1.33247 1.37756 1.15944 1.54893 1.15944 1.76033V18.985C1.15944 19.1964 1.33247 19.3678 1.54592 19.3678H9.27551C9.59568 19.3678 9.85523 19.6249 9.85523 19.942C9.85523 20.2591 9.59568 20.5161 9.27551 20.5161H1.54592C0.692131 20.5161 0 19.8306 0 18.985V1.76033Z" fill="#EB0203"></path>
                        <path fill-rule="evenodd" clip-rule="evenodd" d="M14.6254 13.8718C13.4921 12.8567 11.7821 12.7615 10.6574 13.7147C9.12472 15.0124 9.34891 17.128 10.4413 18.2493L14.0161 21.9126C14.2199 22.1217 14.493 22.2386 14.7824 22.2386C15.0739 22.2386 15.3449 22.1238 15.5487 21.9147L19.1235 18.2514C20.2139 17.13 20.4422 15.0144 18.9075 13.7147C17.7827 12.7634 16.0726 12.8569 14.9392 13.872C14.8856 13.92 14.8333 13.9701 14.7824 14.0222C14.7314 13.97 14.6791 13.9199 14.6254 13.8718ZM18.1546 14.588C19.0972 15.3869 18.9961 16.7262 18.2891 17.4541C18.2888 17.4543 18.2886 17.4546 18.2884 17.4548L14.7834 21.0466L11.2757 17.452C11.2756 17.4519 11.2755 17.4517 11.2753 17.4516C10.5681 16.7252 10.4682 15.3856 11.4108 14.5876L11.4112 14.5872C12.0748 14.0248 13.202 14.0556 13.949 14.8205L14.7824 15.674L15.6158 14.8205C16.3618 14.0567 17.4896 14.0256 18.1545 14.5879" fill="#EB0203"></path>
                        </svg>
                        </button>
                        </div>
                        </div>
                        <p class="ct-tile--brand">Lay's</p>
                        <p class="ct-tile--quantity">emb. 150 gr</p>
                        </div>
                        <div class="ct-tile-bottom row no-gutters justify-content-between">
                        <div class="ct-price-wrap col-8 col-sm-12">
                        <div class="price js-product-price">
                        <div class="prices-wrapper">
                        <span class="sales ct-tile--price-primary ">
                        <span class="value" content="2.19">
                        <span class="ct-price-formatted">
                        €2,19
                        </span>
                        <span class="ct-m-unit">
                        /un
                        </span>
                        </span>
                        </span>
                        </div>
                        <div class="ct-tile--price-secondary">
                        <span class="ct-price-value">
                        €14,60
                        </span>
                        <span class="ct-m-unit">
                        /kg
                        </span>
                        </div>
                        </div>
                        </div>
                        <div class="ct-tile-buy-section d-flex justify-content-center no-gutters col-auto col-sm-12">
                        <div class="col-2 d-sm-flex d-none">
                        <button class="wishlist-toggler guest-mode inactive button button--tertiary" data-pid="4896095" data-add-url="https://www.continente.pt/on/demandware.store/Sites-continente-Site/default/Wishlist-AddProduct?pid=4896095" data-toggle="tooltip" aria-label="Adicionar aos favoritos " data-original-title="Adicionar aos favoritos" data-placement="top" tabindex="-1">
                        <svg class="active-content" width="100%" height="100%" viewBox="0 0 20 22" fill="none" xmlns="http://www.w3.org/2000/svg">
                        <path fill-rule="evenodd" clip-rule="evenodd" d="M0 1.53052C0 0.685236 0.692171 0 1.54601 0H15.0736C15.9274 0 16.6196 0.685235 16.6196 1.53052V13.4064L15.8127 13.922L14.2658 14.2658L12.7189 13.4064L10.6054 14.3818C10.4994 14.2451 10.3327 14.157 10.1452 14.157H6.76329C6.4431 14.157 6.18354 14.414 6.18354 14.731C6.18354 15.0479 6.4431 15.3049 6.76329 15.3049H10.1452C10.2478 15.3049 10.3441 15.2785 10.4277 15.2322L10.3126 16.8439L13.2345 20.2793H1.54601C0.69217 20.2793 0 19.5941 0 18.7488V1.53052ZM6.18354 5.5483C6.18354 5.23132 6.4431 4.97436 6.76329 4.97436H12.3676C12.6878 4.97436 12.9473 5.23132 12.9473 5.5483C12.9473 5.86528 12.6878 6.12224 12.3676 6.12224H6.76329C6.4431 6.12224 6.18354 5.86528 6.18354 5.5483ZM6.76329 11.0961C6.4431 11.0961 6.18354 11.3531 6.18354 11.6701C6.18354 11.987 6.4431 12.244 6.76329 12.244H12.3676C12.6878 12.244 12.9473 11.987 12.9473 11.6701C12.9473 11.3531 12.6878 11.0961 12.3676 11.0961H6.76329ZM6.18354 8.60985C6.18354 8.29287 6.4431 8.03591 6.76329 8.03591H12.3676C12.6878 8.03591 12.9473 8.29287 12.9473 8.60985C12.9473 8.92684 12.6878 9.1838 12.3676 9.1838H6.76329C6.4431 9.1838 6.18354 8.92684 6.18354 8.60985ZM3.67118 5.5483C3.67118 5.23132 3.93075 4.97436 4.25093 4.97436H4.63743C4.95762 4.97436 5.21719 5.23132 5.21719 5.5483C5.21719 5.86528 4.95762 6.12224 4.63743 6.12224H4.25093C3.93075 6.12224 3.67118 5.86528 3.67118 5.5483ZM4.25093 11.0961C3.93075 11.0961 3.67118 11.3531 3.67118 11.6701C3.67118 11.987 3.93075 12.244 4.25093 12.244H4.63743C4.95762 12.244 5.21719 11.987 5.21719 11.6701C5.21719 11.3531 4.95762 11.0961 4.63743 11.0961H4.25093ZM3.67118 8.60985C3.67118 8.29287 3.93075 8.03591 4.25093 8.03591H4.63743C4.95762 8.03591 5.21719 8.29287 5.21719 8.60985C5.21719 8.92684 4.95762 9.1838 4.63743 9.1838H4.25093C3.93075 9.1838 3.67118 8.92684 3.67118 8.60985ZM4.25093 14.157C3.93075 14.157 3.67118 14.414 3.67118 14.731C3.67118 15.0479 3.93075 15.3049 4.25093 15.3049H4.63743C4.95762 15.3049 5.21719 15.0479 5.21719 14.731C5.21719 14.414 4.95762 14.157 4.63743 14.157H4.25093Z" fill="#EB0203"></path>
                        <path fill-rule="evenodd" clip-rule="evenodd" d="M14.6252 13.6363C13.4918 12.6215 11.7817 12.5264 10.6569 13.4792C9.12421 14.7764 9.34841 16.8912 10.4409 18.0122L14.0159 21.6742C14.2197 21.8832 14.4928 22 14.7822 22C15.0737 22 15.3448 21.8852 15.5486 21.6762L19.1236 18.0142C20.214 16.8933 20.4423 14.7785 18.9075 13.4792C17.7827 12.5283 16.0724 12.6217 14.9391 13.6365C14.8855 13.6845 14.8331 13.7345 14.7822 13.7866C14.7313 13.7345 14.6789 13.6843 14.6252 13.6363ZM18.1546 14.3522C19.0973 15.1508 18.9962 16.4896 18.2891 17.2173C18.2888 17.2175 18.2886 17.2177 18.2884 17.218L14.7832 20.8084L11.2753 17.2151C11.2752 17.215 11.2751 17.2149 11.2749 17.2148C10.5677 16.4887 10.4678 15.1495 11.4104 14.3518L11.4108 14.3514C12.0745 13.7892 13.2018 13.82 13.9488 14.5846L14.7822 15.4378L15.6157 14.5846C16.3617 13.8211 17.4896 13.79 18.1545 14.3521" fill="#EB0203"></path>
                        </svg>
                        <svg class="inactive-content" width="100%" height="100%" viewBox="0 0 20 23" fill="none" xmlns="http://www.w3.org/2000/svg">
                        <path fill-rule="evenodd" clip-rule="evenodd" d="M6.18408 5.77914C6.18408 5.46223 6.44363 5.20532 6.7638 5.20532H12.3678C12.6879 5.20532 12.9475 5.46223 12.9475 5.77914C12.9475 6.09606 12.6879 6.35297 12.3678 6.35297H6.7638C6.44363 6.35297 6.18408 6.09606 6.18408 5.77914Z" fill="#EB0203"></path>
                        <path fill-rule="evenodd" clip-rule="evenodd" d="M6.18408 11.9034C6.18408 11.5865 6.44363 11.3296 6.7638 11.3296H12.3678C12.6879 11.3296 12.9475 11.5865 12.9475 11.9034C12.9475 12.2202 12.6879 12.4771 12.3678 12.4771H6.7638C6.44363 12.4771 6.18408 12.2202 6.18408 11.9034Z" fill="#EB0203"></path>
                        <path fill-rule="evenodd" clip-rule="evenodd" d="M6.18408 8.84116C6.18408 8.52424 6.44363 8.26733 6.7638 8.26733H12.3678C12.6879 8.26733 12.9475 8.52424 12.9475 8.84116C12.9475 9.15807 12.6879 9.41498 12.3678 9.41498H6.7638C6.44363 9.41498 6.18408 9.15807 6.18408 8.84116Z" fill="#EB0203"></path>
                        <path fill-rule="evenodd" clip-rule="evenodd" d="M6.18408 14.9655C6.18408 14.6486 6.44363 14.3917 6.7638 14.3917H10.1455C10.4657 14.3917 10.7252 14.6486 10.7252 14.9655C10.7252 15.2825 10.4657 15.5394 10.1455 15.5394H6.7638C6.44363 15.5394 6.18408 15.2825 6.18408 14.9655Z" fill="#EB0203"></path>
                        <path fill-rule="evenodd" clip-rule="evenodd" d="M3.67139 5.77914C3.67139 5.46223 3.93094 5.20532 4.25111 5.20532H4.63759C4.95776 5.20532 5.21731 5.46223 5.21731 5.77914C5.21731 6.09606 4.95776 6.35297 4.63759 6.35297H4.25111C3.93094 6.35297 3.67139 6.09606 3.67139 5.77914Z" fill="#EB0203"></path>
                        <path fill-rule="evenodd" clip-rule="evenodd" d="M3.67139 11.9034C3.67139 11.5865 3.93094 11.3296 4.25111 11.3296H4.63759C4.95776 11.3296 5.21731 11.5865 5.21731 11.9034C5.21731 12.2202 4.95776 12.4771 4.63759 12.4771H4.25111C3.93094 12.4771 3.67139 12.2202 3.67139 11.9034Z" fill="#EB0203"></path>
                        <path fill-rule="evenodd" clip-rule="evenodd" d="M3.67139 8.84116C3.67139 8.52424 3.93094 8.26733 4.25111 8.26733H4.63759C4.95776 8.26733 5.21731 8.52424 5.21731 8.84116C5.21731 9.15807 4.95776 9.41498 4.63759 9.41498H4.25111C3.93094 9.41498 3.67139 9.15807 3.67139 8.84116Z" fill="#EB0203"></path>
                        <path fill-rule="evenodd" clip-rule="evenodd" d="M3.67139 14.9655C3.67139 14.6486 3.93094 14.3917 4.25111 14.3917H4.63759C4.95776 14.3917 5.21731 14.6486 5.21731 14.9655C5.21731 15.2825 4.95776 15.5394 4.63759 15.5394H4.25111C3.93094 15.5394 3.67139 15.2825 3.67139 14.9655Z" fill="#EB0203"></path>
                        <path fill-rule="evenodd" clip-rule="evenodd" d="M0 1.76033C0 0.914738 0.692131 0.229248 1.54592 0.229248H15.0727C15.9265 0.229248 16.6186 0.914738 16.6186 1.76033V11.2818C16.6186 11.5989 16.3591 11.8559 16.0389 11.8559C15.7187 11.8559 15.4592 11.5989 15.4592 11.2818V1.76033C15.4592 1.54893 15.2862 1.37756 15.0727 1.37756H1.54592C1.33247 1.37756 1.15944 1.54893 1.15944 1.76033V18.985C1.15944 19.1964 1.33247 19.3678 1.54592 19.3678H9.27551C9.59568 19.3678 9.85523 19.6249 9.85523 19.942C9.85523 20.2591 9.59568 20.5161 9.27551 20.5161H1.54592C0.692131 20.5161 0 19.8306 0 18.985V1.76033Z" fill="#EB0203"></path>
                        <path fill-rule="evenodd" clip-rule="evenodd" d="M14.6254 13.8718C13.4921 12.8567 11.7821 12.7615 10.6574 13.7147C9.12472 15.0124 9.34891 17.128 10.4413 18.2493L14.0161 21.9126C14.2199 22.1217 14.493 22.2386 14.7824 22.2386C15.0739 22.2386 15.3449 22.1238 15.5487 21.9147L19.1235 18.2514C20.2139 17.13 20.4422 15.0144 18.9075 13.7147C17.7827 12.7634 16.0726 12.8569 14.9392 13.872C14.8856 13.92 14.8333 13.9701 14.7824 14.0222C14.7314 13.97 14.6791 13.9199 14.6254 13.8718ZM18.1546 14.588C19.0972 15.3869 18.9961 16.7262 18.2891 17.4541C18.2888 17.4543 18.2886 17.4546 18.2884 17.4548L14.7834 21.0466L11.2757 17.452C11.2756 17.4519 11.2755 17.4517 11.2753 17.4516C10.5681 16.7252 10.4682 15.3856 11.4108 14.5876L11.4112 14.5872C12.0748 14.0248 13.202 14.0556 13.949 14.8205L14.7824 15.674L15.6158 14.8205C16.3618 14.0567 17.4896 14.0256 18.1545 14.5879" fill="#EB0203"></path>
                        </svg>
                        </button>
                        </div>
                        <div class="col-sm-10 col-12">
                        <div class="ct-tile-quantity d-none" data-pid="4896095">
                        <input type="hidden" class="add-to-cart-url" value="https://www.continente.pt/on/demandware.store/Sites-continente-Site/default/Cart-AddProduct" tabindex="-1">
                        <div class="d-none tile-delete-confirmation-btn" data-pid="4896095" data-delay-time="3000" data-in-cart-msg="no carrinho" data-one-product-added="Adicionado ao carrinho" data-remove-from-cart-msg="Removido do carrinho" data-stay-open="6000.0" data-confirmation-image="{&quot;url&quot;:&quot;https://www.continente.pt/dw/image/v2/BDVS_PRD/on/demandware.static/-/Sites-col-master-catalog/default/dw2268803e/images/col/489/4896095-frente.jpg?sw=87&amp;sh=80&quot;,&quot;fallbackimage&quot;:{&quot;url&quot;:&quot;https://www.continente.pt/dw/image/v2/BDVS_PRD/on/demandware.static/Sites-continente-Site/-/default/dw7c42b4da/images/noimagelarge_product.png?sw=87&amp;sh=80&quot;,&quot;title&quot;:&quot;Batata Frita Forno Ondulada Original&quot;,&quot;alt&quot;:&quot;Batata Frita Forno Ondulada Original&quot;},&quot;title&quot;:&quot;Batata Frita Forno Ondulada Original&quot;,&quot;alt&quot;:&quot;Batata Frita Forno Ondulada Original&quot;}"></div>
                        <div class="ct-tile-quantity-update quantity-update product-qty-vue" data-remove-action="https://www.continente.pt/on/demandware.store/Sites-continente-Site/default/Cart-RemoveProductLineItem" data-action="https://www.continente.pt/on/demandware.store/Sites-continente-Site/default/Cart-UpdateQuantity" data-dimension-update="https://www.continente.pt/on/demandware.store/Sites-continente-Site/default/Cart-DimensionUpdate" data-pid="4896095" data-uuid="037115e6aa90ee340159c204f2" data-add-delay="500.0" data-measure-options="{&quot;hasConversionRate&quot;:false,&quot;hasAlternativeSaleUnit&quot;:false,&quot;unitConversionRate&quot;:0,&quot;minOrderQuantity&quot;:1,&quot;stepQuantity&quot;:1,&quot;primaryunit&quot;:&quot;un&quot;,&quot;secondaryunit&quot;:&quot;kg&quot;,&quot;selectedunit&quot;:&quot;primary&quot;,&quot;maxNumberOfUnitsPerSale&quot;:50}" data-price-available="null" :data-has-error="isMaxQtyReached || isMinQtyReached || qtySelectedMoreThanOne">
                        <template v-show="prodUnits">
                        <div class="quantity-input-wrapper has-units">
                        <label class="visually-hidden" :for="'quantity-' + pid + additionalTag">
                        Quantidade no carrinho
                        </label>
                        <input :ref="'quantityInput-' + pid + additionalTag" class="add-to-cart-quantity form-control ct-form-input text-center" inputmode="numeric" :class="{'is-invalid': isInvalid}" :data-pid="pid + additionalTag" :name="'quantity-' + pid + additionalTag" type="text" aria-label="Insira a quantidade" title="" v-model="displayValue" @change="updateQuantity" @focus="updateQtyFormat" @blur="restoreQtyFormat" :disabled="!isPriceAvailable">
                        <span class="quantity-icon quantity-icon--minus">
                        <button class="decrease-quantity-btn" @click="updateQuantity" :disabled="!isPriceAvailable" role="button" aria-label="Reduzir quantidade">
                        <i class="css-math-minus"></i>
                        </button>
                        </span>
                        <span class="quantity-icon quantity-icon--plus">
                        <button class="increase-quantity-btn" @click="updateQuantity" :disabled="isMaxQtyReached || !isPriceAvailable" role="button" aria-label="Aumentar quantidade">
                        <i class="css-math-plus"></i>
                        </button>
                        <span class="quantity-btn-disabled-placeholder"></span>
                        </span>
                        <template v-if="isPDP">
                        <span class="quantity-error ct-span-error text-sm-center product-max-allocation" v-if="isMaxQtyReached">
                        Quantidade máxima atingida
                        </span>
                        <span class="quantity-error ct-span-product text-sm-center product-allocation" v-if="!isMinQtyReached &amp;&amp; !isMaxQtyReached">
                        {{quantitySelected}} no carrinho
                        </span>
                        <span class="quantity-error ct-span-error text-sm-center product-min-allocation" :data-pid="pid" v-if="isMinQtyReached &amp;&amp; !isMaxQtyReached">
                        Quantidade mínima atingida
                        </span>
                        </template>
                        </div>
                        <template v-if="showNotes">
                        <div class="add-note-link-container ">
                        <div class="add-note">
                        <a href="/produto/batata-frita-forno-ondulada-original-lays-4896095.html?showNote=true" class="ct-add-note-redirect-pdp" aria-label="Adicionar comentário">
                        <span class="svg-wrapper svg-icon-notes" style="width:19px; height:20px">
                        <svg class="svg-inline icon-notes" viewBox="0 0 28 30" xmlns="http://www.w3.org/2000/svg" width="100%" height="100%"><path d="M21.738 0C22.985 0 24 1.04 24 2.319V12.47c0 .469-.37.848-.828.848-.457 0-.827-.38-.827-.848V2.32c0-.343-.273-.622-.607-.622H2.262c-.334 0-.607.279-.607.622V27.68c0 .343.273.622.607.622h7.81c.457 0 .827.38.827.849 0 .468-.37.848-.827.848h-7.81C1.015 30 0 28.96 0 27.681V2.32C0 1.04 1.015 0 2.262 0h19.476zm2.844 16.004l.227.007c.823.053 1.589.39 2.176.964.64.627.993 1.46.993 2.349 0 .888-.353 1.722-.993 2.348l-6.83 6.665c-.11.108-.247.186-.397.226l-5.032 1.363c-.078.021-.16.032-.241.032-.242 0-.478-.097-.647-.266-.23-.231-.314-.566-.218-.874l1.49-4.798c.044-.139.122-.266.227-.369l6.844-6.677c.64-.625 1.493-.97 2.401-.97zm-2.886 3.94l-4.922 4.802-.947 3.048 3.22-.872 4.897-4.78-2.248-2.197zm2.887-2.174c-.425 0-.824.162-1.124.455l-.484.472 2.248 2.197.484-.472c.62-.606.62-1.591 0-2.197l-.117-.104c-.283-.227-.636-.35-1.007-.35zm-10.839.022c.498 0 .904.396.904.883 0 .488-.406.884-.904.884H5.946c-.499 0-.904-.396-.904-.884 0-.487.405-.883.904-.883zm5.042-4.876c.498 0 .904.397.904.884s-.406.884-.904.884H5.946c-.499 0-.904-.397-.904-.884s.405-.884.904-.884zm0-4.875c.498 0 .904.396.904.884 0 .487-.406.883-.904.883H5.946c-.499 0-.904-.396-.904-.883 0-.488.405-.884.904-.884z" fill="#EB0203" fill-rule="evenodd"></path></svg>
                        </span>
                        <div class="available-note d-none"></div>
                        </a>
                        </div>
                        </div>
                        </template>
                        <div class="measurement-unit-section" v-if="isPriceAvailable &amp;&amp; prodUnits ? prodUnits.hasAlternativeUnit : false">
                        <div class="ct-form-radio" @click="setDimension">
                        <input type="radio" title="" class="ct-form-check-input product-measurement-unit" :data-type="prodUnits.selectedUnit == prodUnits.secondaryUnit ? 'primary' : ''" :id="prodUnits.secondaryUnit + '-' + pid + '-measurement-unit-ptile' + additionalTag" :name="'measurement-unit-' + pid + '-ptile' + additionalTag" :value="prodUnits.secondaryUnit" v-model="prodUnits.selectedUnit">
                        <label :class="prodUnits.secondaryUnit + '-label ct-form-check-label mb-0'" :for="prodUnits.secondaryUnit + '-' + pid + '-measurement-unit-ptile' + additionalTag">
                        {{prodUnits.secondaryUnit}}
                        </label>
                        <span class="checkmark"></span>
                        </div>
                        <div class="ct-form-radio" @click="setDimension">
                        <input type="radio" title="" class="ct-form-check-input product-measurement-unit" :data-type="prodUnits.selectedUnit == prodUnits.primaryUnit ? 'primary' : ''" :id="prodUnits.primaryUnit + '-' + pid + '-measurement-unit-ptile' + additionalTag" :name="'measurement-unit-' + pid + '-ptile' + additionalTag" :value="prodUnits.primaryUnit" v-model="prodUnits.selectedUnit">
                        <label :class="prodUnits.primaryUnit + '-label ct-form-check-label mb-0'" :for="prodUnits.primaryUnit + '-' + pid + '-measurement-unit-ptile' + additionalTag">
                        {{prodUnits.primaryUnit}}
                        </label>
                        <span class="checkmark"></span>
                        </div>
                        </div>
                        <template v-if="!isPDP &amp;&amp; isPriceAvailable">
                        <span class="quantity-error ct-span-error product-max-allocation" v-if="isMaxQtyReached">
                        Quantidade máxima atingida
                        </span>
                        <span class="quantity-error ct-span-product product-allocation" v-if="!isMinQtyReached &amp;&amp; !isMaxQtyReached">
                        {{quantitySelected}} no carrinho
                        </span>
                        <span class="quantity-error ct-span-error product-min-allocation" :data-pid="pid" v-if="isMinQtyReached &amp;&amp; !isMaxQtyReached">
                        Quantidade mínima atingida
                        </span>
                        </template>
                        </template>
                        </div>
                        <input class="quantity-value-mask d-none" name="quantity" type="number" min="0" value="" tabindex="-1">
                        </div>
                        <button type="button" class="add-to-cart button js-add-to-cart js-add-to-cart-tile 4896095 button--primary dynamic-layout-btn" data-toggle="modal" data-target="#chooseBonusProductModal" data-pid="4896095" data-quantity-value="null" aria-label="Carrinho" tabindex="-1">
                        <span class="d-block d-sm-none">
                        <span class="svg-wrapper svg-icon-cart" style="width:20px; height:20px">
                        <svg class="svg-inline icon-cart" xmlns="http://www.w3.org/2000/svg" viewBox="0 0 500 500" width="100%" height="100%"><path fill="#EB0203" fill-rule="evenodd" d="M 485.67317,94.386311 C 476.37798,83.847129 463.09468,78.03348 448.30404,78.03348 H 90.690813 L 87.079511,51.327997 C 83.185582,22.539551 62.962285,0 41.011841,0 H 14.727836 C 6.563151,0 0,6.5286975 0,14.580758 c 0,8.05206 6.5945535,14.580758 14.727836,14.580758 h 26.284005 c 4.710398,0 14.696435,9.855222 16.894619,26.021523 L 100.01739,368.0631 c 1.88416,13.77244 9.01256,26.70549 20.1605,36.37417 8.25889,7.15046 18.02511,11.9071 28.26237,13.89679 -4.17655,7.58572 -6.53175,16.25957 -6.53175,25.493 0,29.53459 24.27424,53.59751 54.13815,53.59751 29.8325,0 54.13814,-24.03184 54.13814,-53.59751 0,-8.79818 -2.19818,-17.09897 -5.9979,-24.43598 h 77.12488 c -3.79973,7.33701 -5.96652,15.6378 -5.96652,24.43598 0,29.53459 24.27424,53.59751 54.13817,53.59751 29.83249,0 54.13814,-24.03184 54.13814,-53.59751 0,-8.79818 -2.1982,-17.09897 -5.9979,-24.43598 h 38.56243 c 8.13328,0 14.72783,-6.5287 14.72783,-14.61183 0,-8.02098 -6.59455,-14.54967 -14.72783,-14.54967 H 159.24277 c -14.38241,0 -28.13677,-11.90711 -30.02092,-26.02153 l -3.07746,-22.88154 h 290.6314 c 14.03698,0 27.94834,-5.28513 39.06488,-14.95381 11.11652,-9.6376 18.27632,-22.57065 20.16048,-36.37417 l 21.10259,-156.78201 c 1.94694,-14.51858 -2.10398,-28.29103 -11.43057,-38.861299 z M 220.76053,443.82706 c 0,13.49265 -11.08513,24.46709 -24.68247,24.46709 -13.62874,0 -24.71387,-10.97444 -24.71387,-24.46709 0,-13.49262 11.08513,-24.43598 24.71387,-24.43598 13.59734,0 24.68247,10.94336 24.68247,24.43598 z m 173.43675,0 c 0,13.49265 -11.08512,24.46709 -24.68245,24.46709 -13.62876,0 -24.71388,-10.97444 -24.71388,-24.46709 0,-13.49262 11.08512,-24.43598 24.71388,-24.43598 13.59733,0 24.68245,10.94336 24.68245,24.43598 z m 73.7648,-314.46558 -21.13397,156.782 c -1.88416,14.11442 -15.63851,26.05261 -30.02091,26.05261 H 122.25046 L 94.616142,107.19499 H 448.33544 c 6.18632,0 11.61896,2.2695 15.23028,6.37326 3.64269,4.13484 5.21283,9.73086 4.39636,15.79323 z"></path></svg>
                        </span>
                        </span>
                        <span class="add-to-cart--text d-none d-sm-block">Carrinho</span>
                        </button>
                        </div>
                        </div>
                        </div>
                        </div>
                        
                        <div class="col-12 d-sm-none">
                        </div>
                        </div>
                        </div>
                        </div>
                        </div><div class="pd-tile-wrap slick-slide slick-cloned" data-idx="5" style="height: auto; width: 221px;" data-slick-index="14" id="" aria-hidden="true" tabindex="-1">
                        
                        <script type="text/javascript">//<!--
                        /* <![CDATA[ */
                        (function(){
                        try {
                            if(window.CQuotient) {
                                var cq_params = {};
                                cq_params.cookieId = window.CQuotient.getCQCookieId();
                                cq_params.userId = window.CQuotient.getCQUserId();
                                cq_params.emailId = CQuotient.getCQHashedEmail();
                                cq_params.loginId = CQuotient.getCQHashedLogin();
                                cq_params.accumulate = true;
                                cq_params.products = [{
                                    id: '7251550',
                                    sku: '',
                                    type: '',
                                    alt_id: ''
                                }];
                                cq_params.recommenderName = 'FOOD-MERCEARIA';
                                cq_params.realm = "BDVS";
                                cq_params.siteId = "continente";
                                cq_params.instanceType = "prd";
                                cq_params.locale = window.CQuotient.locale;
                                cq_params.slotId = 'col-category-product-recommendations';
                                cq_params.slotConfigId = 'FOOD Recommender Mercearia - Einstein';
                                cq_params.slotConfigTemplate = 'slots\/recommendation\/recommendedProductsCLP.isml';
                                if(window.CQuotient.sendActivity)
                                    window.CQuotient.sendActivity( CQuotient.clientId, 'viewReco', cq_params );
                                else
                                    window.CQuotient.activities.push( {activityType: 'viewReco', parameters: cq_params} );
                            }
                        } catch(err) {}
                        })();
                        /* ]]> */
                        // -->
                        </script>
                        <script type="text/javascript">//<!--
                        /* <![CDATA[ (viewProduct-active_data.js) */
                        dw.ac._capture({id: "7251550", type: "recommendation"});
                        /* ]]> */
                        // -->
                        </script>
                        <div class="product" data-pid="7251550">
                        <div class="product-tile pid-7251550   ct-product-tile " data-delay-time="3000" data-variants-mapping="[]" data-in-cart-msg="no carrinho" data-one-product-added="Adicionado ao carrinho" data-remove-from-cart-msg="Removido do carrinho" data-stay-open="6000.0" data-product-tile-impression="{&quot;name&quot;:&quot;7251550&quot;,&quot;id&quot;:&quot;7251550&quot;,&quot;price&quot;:1.09,&quot;brand&quot;:&quot;Oreo&quot;,&quot;category&quot;:[{&quot;category_level_1&quot;:&quot;Mercearia&quot;},{&quot;category_level_2&quot;:&quot;Bolachas, Biscoitos e Tostas&quot;},{&quot;category_level_3&quot;:&quot;Bolachas com Cobertura e Recheio&quot;}],&quot;variant&quot;:&quot;&quot;}">
                        <div class="ct-inner-tile-wrap row no-gutters justify-content-center align-content-start">
                        
                        <div class="ct-product-tile-badge ct-product-tile-badge--promotional">
                        <img class="img-fluid lazyloaded" loading="lazy" data-src="https://www.continente.pt/dw/image/v2/BDVS_PRD/on/demandware.static/-/Sites-continente-Library/default/dwf5980f2e/images/badges/pvpr/col/pvpr.png?sw=60&amp;sh=42" alt="PVP Recomendado: €1,49/un" title="PVP Recomendado: €1,49/un" src="https://www.continente.pt/dw/image/v2/BDVS_PRD/on/demandware.static/-/Sites-continente-Library/default/dwf5980f2e/images/badges/pvpr/col/pvpr.png?sw=60&amp;sh=42">
                        <div class="ct-product-tile-badge-value-wrapper ct-product-tile-badge-value-wrapper--pvpr  ">
                        <div class="ct-product-tile-badge-addition d-flex flex-column align-self-center text-center">
                        <span class="ct-product-tile-badge-addition--sign">
                        +
                        </span>
                        <span class="ct-product-tile-badge-addition--text">
                        DE
                        </span>
                        </div>
                        <span class="ct-product-tile-badge-value--pvpr">
                        25
                        </span>
                        <span class="ct-product-tile-badge-value--pvpr-quantifier ">
                        %
                        </span>
                        </div>
                        </div>
                        
                        <div class="ct-image-container col-4 col-sm" data-confirmation-image="{&quot;url&quot;:&quot;https://www.continente.pt/dw/image/v2/BDVS_PRD/on/demandware.static/-/Sites-col-master-catalog/default/dw18c0df8a/images/col/725/7251550-frente.jpg?sw=87&amp;sh=80&quot;,&quot;fallbackimage&quot;:{&quot;url&quot;:&quot;https://www.continente.pt/dw/image/v2/BDVS_PRD/on/demandware.static/Sites-continente-Site/-/default/dw7c42b4da/images/noimagelarge_product.png?sw=87&amp;sh=80&quot;,&quot;title&quot;:&quot;Bolacha Chocolate Sabor Baunilha Tubo Original Halloween&quot;,&quot;alt&quot;:&quot;Bolacha Chocolate Sabor Baunilha Tubo Original Halloween&quot;},&quot;title&quot;:&quot;Bolacha Chocolate Sabor Baunilha Tubo Original Halloween&quot;,&quot;alt&quot;:&quot;Bolacha Chocolate Sabor Baunilha Tubo Original Halloween&quot;}">
                        <a href="https://www.continente.pt/produto/bolacha-chocolate-sabor-baunilha-tubo-original-halloween-oreo-7251550.html?cgid=home" tabindex="-1">
                        <picture class="intrinsic intrinsic--square">
                        <img class="ct-tile-image lazyloaded" loading="lazy" onerror="this.onerror=null;this.src='/on/demandware.static/Sites-continente-Site/-/default/dw7c42b4da/images/noimagelarge_product.png';" data-src="https://www.continente.pt/dw/image/v2/BDVS_PRD/on/demandware.static/-/Sites-col-master-catalog/default/dw18c0df8a/images/col/725/7251550-frente.jpg?sw=280&amp;sh=280" alt="Bolacha Chocolate Sabor Baunilha Tubo Original Halloween" title="Bolacha Chocolate Sabor Baunilha Tubo Original Halloween" src="https://www.continente.pt/dw/image/v2/BDVS_PRD/on/demandware.static/-/Sites-col-master-catalog/default/dw18c0df8a/images/col/725/7251550-frente.jpg?sw=280&amp;sh=280">
                        </picture>
                        </a>
                        <div class="color-swatches d-flex" style="margin-left: 5px;">
                        <div class="swatches d-flex">
                        </div>
                        </div>
                        </div>
                        <div class="ct-tile-body col col-sm-auto ">
                        <div class="ct-pdp-details">
                        <div class="ct-pdp-link">
                        <a class="ct-tile--description" href="https://www.continente.pt/produto/bolacha-chocolate-sabor-baunilha-tubo-original-halloween-oreo-7251550.html?cgid=home" tabindex="-1">Bolacha Chocolate Sabor Baunilha Tubo Original Halloween</a>
                        <div class="ct-tile--favorite-top d-sm-none">
                        <button class="wishlist-toggler guest-mode inactive button button--tertiary" data-pid="7251550" data-add-url="https://www.continente.pt/on/demandware.store/Sites-continente-Site/default/Wishlist-AddProduct?pid=7251550" data-toggle="tooltip" aria-label="Adicionar aos favoritos " data-original-title="Adicionar aos favoritos" data-placement="top" tabindex="-1">
                        <svg class="active-content" width="100%" height="100%" viewBox="0 0 20 22" fill="none" xmlns="http://www.w3.org/2000/svg">
                        <path fill-rule="evenodd" clip-rule="evenodd" d="M0 1.53052C0 0.685236 0.692171 0 1.54601 0H15.0736C15.9274 0 16.6196 0.685235 16.6196 1.53052V13.4064L15.8127 13.922L14.2658 14.2658L12.7189 13.4064L10.6054 14.3818C10.4994 14.2451 10.3327 14.157 10.1452 14.157H6.76329C6.4431 14.157 6.18354 14.414 6.18354 14.731C6.18354 15.0479 6.4431 15.3049 6.76329 15.3049H10.1452C10.2478 15.3049 10.3441 15.2785 10.4277 15.2322L10.3126 16.8439L13.2345 20.2793H1.54601C0.69217 20.2793 0 19.5941 0 18.7488V1.53052ZM6.18354 5.5483C6.18354 5.23132 6.4431 4.97436 6.76329 4.97436H12.3676C12.6878 4.97436 12.9473 5.23132 12.9473 5.5483C12.9473 5.86528 12.6878 6.12224 12.3676 6.12224H6.76329C6.4431 6.12224 6.18354 5.86528 6.18354 5.5483ZM6.76329 11.0961C6.4431 11.0961 6.18354 11.3531 6.18354 11.6701C6.18354 11.987 6.4431 12.244 6.76329 12.244H12.3676C12.6878 12.244 12.9473 11.987 12.9473 11.6701C12.9473 11.3531 12.6878 11.0961 12.3676 11.0961H6.76329ZM6.18354 8.60985C6.18354 8.29287 6.4431 8.03591 6.76329 8.03591H12.3676C12.6878 8.03591 12.9473 8.29287 12.9473 8.60985C12.9473 8.92684 12.6878 9.1838 12.3676 9.1838H6.76329C6.4431 9.1838 6.18354 8.92684 6.18354 8.60985ZM3.67118 5.5483C3.67118 5.23132 3.93075 4.97436 4.25093 4.97436H4.63743C4.95762 4.97436 5.21719 5.23132 5.21719 5.5483C5.21719 5.86528 4.95762 6.12224 4.63743 6.12224H4.25093C3.93075 6.12224 3.67118 5.86528 3.67118 5.5483ZM4.25093 11.0961C3.93075 11.0961 3.67118 11.3531 3.67118 11.6701C3.67118 11.987 3.93075 12.244 4.25093 12.244H4.63743C4.95762 12.244 5.21719 11.987 5.21719 11.6701C5.21719 11.3531 4.95762 11.0961 4.63743 11.0961H4.25093ZM3.67118 8.60985C3.67118 8.29287 3.93075 8.03591 4.25093 8.03591H4.63743C4.95762 8.03591 5.21719 8.29287 5.21719 8.60985C5.21719 8.92684 4.95762 9.1838 4.63743 9.1838H4.25093C3.93075 9.1838 3.67118 8.92684 3.67118 8.60985ZM4.25093 14.157C3.93075 14.157 3.67118 14.414 3.67118 14.731C3.67118 15.0479 3.93075 15.3049 4.25093 15.3049H4.63743C4.95762 15.3049 5.21719 15.0479 5.21719 14.731C5.21719 14.414 4.95762 14.157 4.63743 14.157H4.25093Z" fill="#EB0203"></path>
                        <path fill-rule="evenodd" clip-rule="evenodd" d="M14.6252 13.6363C13.4918 12.6215 11.7817 12.5264 10.6569 13.4792C9.12421 14.7764 9.34841 16.8912 10.4409 18.0122L14.0159 21.6742C14.2197 21.8832 14.4928 22 14.7822 22C15.0737 22 15.3448 21.8852 15.5486 21.6762L19.1236 18.0142C20.214 16.8933 20.4423 14.7785 18.9075 13.4792C17.7827 12.5283 16.0724 12.6217 14.9391 13.6365C14.8855 13.6845 14.8331 13.7345 14.7822 13.7866C14.7313 13.7345 14.6789 13.6843 14.6252 13.6363ZM18.1546 14.3522C19.0973 15.1508 18.9962 16.4896 18.2891 17.2173C18.2888 17.2175 18.2886 17.2177 18.2884 17.218L14.7832 20.8084L11.2753 17.2151C11.2752 17.215 11.2751 17.2149 11.2749 17.2148C10.5677 16.4887 10.4678 15.1495 11.4104 14.3518L11.4108 14.3514C12.0745 13.7892 13.2018 13.82 13.9488 14.5846L14.7822 15.4378L15.6157 14.5846C16.3617 13.8211 17.4896 13.79 18.1545 14.3521" fill="#EB0203"></path>
                        </svg>
                        <svg class="inactive-content" width="100%" height="100%" viewBox="0 0 20 23" fill="none" xmlns="http://www.w3.org/2000/svg">
                        <path fill-rule="evenodd" clip-rule="evenodd" d="M6.18408 5.77914C6.18408 5.46223 6.44363 5.20532 6.7638 5.20532H12.3678C12.6879 5.20532 12.9475 5.46223 12.9475 5.77914C12.9475 6.09606 12.6879 6.35297 12.3678 6.35297H6.7638C6.44363 6.35297 6.18408 6.09606 6.18408 5.77914Z" fill="#EB0203"></path>
                        <path fill-rule="evenodd" clip-rule="evenodd" d="M6.18408 11.9034C6.18408 11.5865 6.44363 11.3296 6.7638 11.3296H12.3678C12.6879 11.3296 12.9475 11.5865 12.9475 11.9034C12.9475 12.2202 12.6879 12.4771 12.3678 12.4771H6.7638C6.44363 12.4771 6.18408 12.2202 6.18408 11.9034Z" fill="#EB0203"></path>
                        <path fill-rule="evenodd" clip-rule="evenodd" d="M6.18408 8.84116C6.18408 8.52424 6.44363 8.26733 6.7638 8.26733H12.3678C12.6879 8.26733 12.9475 8.52424 12.9475 8.84116C12.9475 9.15807 12.6879 9.41498 12.3678 9.41498H6.7638C6.44363 9.41498 6.18408 9.15807 6.18408 8.84116Z" fill="#EB0203"></path>
                        <path fill-rule="evenodd" clip-rule="evenodd" d="M6.18408 14.9655C6.18408 14.6486 6.44363 14.3917 6.7638 14.3917H10.1455C10.4657 14.3917 10.7252 14.6486 10.7252 14.9655C10.7252 15.2825 10.4657 15.5394 10.1455 15.5394H6.7638C6.44363 15.5394 6.18408 15.2825 6.18408 14.9655Z" fill="#EB0203"></path>
                        <path fill-rule="evenodd" clip-rule="evenodd" d="M3.67139 5.77914C3.67139 5.46223 3.93094 5.20532 4.25111 5.20532H4.63759C4.95776 5.20532 5.21731 5.46223 5.21731 5.77914C5.21731 6.09606 4.95776 6.35297 4.63759 6.35297H4.25111C3.93094 6.35297 3.67139 6.09606 3.67139 5.77914Z" fill="#EB0203"></path>
                        <path fill-rule="evenodd" clip-rule="evenodd" d="M3.67139 11.9034C3.67139 11.5865 3.93094 11.3296 4.25111 11.3296H4.63759C4.95776 11.3296 5.21731 11.5865 5.21731 11.9034C5.21731 12.2202 4.95776 12.4771 4.63759 12.4771H4.25111C3.93094 12.4771 3.67139 12.2202 3.67139 11.9034Z" fill="#EB0203"></path>
                        <path fill-rule="evenodd" clip-rule="evenodd" d="M3.67139 8.84116C3.67139 8.52424 3.93094 8.26733 4.25111 8.26733H4.63759C4.95776 8.26733 5.21731 8.52424 5.21731 8.84116C5.21731 9.15807 4.95776 9.41498 4.63759 9.41498H4.25111C3.93094 9.41498 3.67139 9.15807 3.67139 8.84116Z" fill="#EB0203"></path>
                        <path fill-rule="evenodd" clip-rule="evenodd" d="M3.67139 14.9655C3.67139 14.6486 3.93094 14.3917 4.25111 14.3917H4.63759C4.95776 14.3917 5.21731 14.6486 5.21731 14.9655C5.21731 15.2825 4.95776 15.5394 4.63759 15.5394H4.25111C3.93094 15.5394 3.67139 15.2825 3.67139 14.9655Z" fill="#EB0203"></path>
                        <path fill-rule="evenodd" clip-rule="evenodd" d="M0 1.76033C0 0.914738 0.692131 0.229248 1.54592 0.229248H15.0727C15.9265 0.229248 16.6186 0.914738 16.6186 1.76033V11.2818C16.6186 11.5989 16.3591 11.8559 16.0389 11.8559C15.7187 11.8559 15.4592 11.5989 15.4592 11.2818V1.76033C15.4592 1.54893 15.2862 1.37756 15.0727 1.37756H1.54592C1.33247 1.37756 1.15944 1.54893 1.15944 1.76033V18.985C1.15944 19.1964 1.33247 19.3678 1.54592 19.3678H9.27551C9.59568 19.3678 9.85523 19.6249 9.85523 19.942C9.85523 20.2591 9.59568 20.5161 9.27551 20.5161H1.54592C0.692131 20.5161 0 19.8306 0 18.985V1.76033Z" fill="#EB0203"></path>
                        <path fill-rule="evenodd" clip-rule="evenodd" d="M14.6254 13.8718C13.4921 12.8567 11.7821 12.7615 10.6574 13.7147C9.12472 15.0124 9.34891 17.128 10.4413 18.2493L14.0161 21.9126C14.2199 22.1217 14.493 22.2386 14.7824 22.2386C15.0739 22.2386 15.3449 22.1238 15.5487 21.9147L19.1235 18.2514C20.2139 17.13 20.4422 15.0144 18.9075 13.7147C17.7827 12.7634 16.0726 12.8569 14.9392 13.872C14.8856 13.92 14.8333 13.9701 14.7824 14.0222C14.7314 13.97 14.6791 13.9199 14.6254 13.8718ZM18.1546 14.588C19.0972 15.3869 18.9961 16.7262 18.2891 17.4541C18.2888 17.4543 18.2886 17.4546 18.2884 17.4548L14.7834 21.0466L11.2757 17.452C11.2756 17.4519 11.2755 17.4517 11.2753 17.4516C10.5681 16.7252 10.4682 15.3856 11.4108 14.5876L11.4112 14.5872C12.0748 14.0248 13.202 14.0556 13.949 14.8205L14.7824 15.674L15.6158 14.8205C16.3618 14.0567 17.4896 14.0256 18.1545 14.5879" fill="#EB0203"></path>
                        </svg>
                        </button>
                        </div>
                        </div>
                        <p class="ct-tile--brand">Oreo</p>
                        <p class="ct-tile--quantity">emb. 154 gr</p>
                        </div>
                        <div class="ct-tile-bottom row no-gutters justify-content-between">
                        <div class="ct-price-wrap col-8 col-sm-12">
                        <div class="price js-product-price">
                        <div class="prices-wrapper">
                        
                        <span class="sales ct-tile--price-primary ">
                        <span class="value" content="1.09">
                        <span class="ct-price-formatted">
                        €1,09
                        </span>
                        <span class="ct-m-unit">
                        /un
                        </span>
                        </span>
                        </span>
                        </div>
                        <div class="ct-tile--price-secondary">
                        <span class="ct-price-value">
                        €7,08
                        </span>
                        <span class="ct-m-unit">
                        /kg
                        </span>
                        </div>
                        <p class="ct-discount-amount ct-discount-amount-pvpr">PVP Recomendado: €1,49/un</p>
                        </div>
                        </div>
                        <div class="ct-tile-buy-section d-flex justify-content-center no-gutters col-auto col-sm-12">
                        <div class="col-2 d-sm-flex d-none">
                        <button class="wishlist-toggler guest-mode inactive button button--tertiary" data-pid="7251550" data-add-url="https://www.continente.pt/on/demandware.store/Sites-continente-Site/default/Wishlist-AddProduct?pid=7251550" data-toggle="tooltip" aria-label="Adicionar aos favoritos " data-original-title="Adicionar aos favoritos" data-placement="top" tabindex="-1">
                        <svg class="active-content" width="100%" height="100%" viewBox="0 0 20 22" fill="none" xmlns="http://www.w3.org/2000/svg">
                        <path fill-rule="evenodd" clip-rule="evenodd" d="M0 1.53052C0 0.685236 0.692171 0 1.54601 0H15.0736C15.9274 0 16.6196 0.685235 16.6196 1.53052V13.4064L15.8127 13.922L14.2658 14.2658L12.7189 13.4064L10.6054 14.3818C10.4994 14.2451 10.3327 14.157 10.1452 14.157H6.76329C6.4431 14.157 6.18354 14.414 6.18354 14.731C6.18354 15.0479 6.4431 15.3049 6.76329 15.3049H10.1452C10.2478 15.3049 10.3441 15.2785 10.4277 15.2322L10.3126 16.8439L13.2345 20.2793H1.54601C0.69217 20.2793 0 19.5941 0 18.7488V1.53052ZM6.18354 5.5483C6.18354 5.23132 6.4431 4.97436 6.76329 4.97436H12.3676C12.6878 4.97436 12.9473 5.23132 12.9473 5.5483C12.9473 5.86528 12.6878 6.12224 12.3676 6.12224H6.76329C6.4431 6.12224 6.18354 5.86528 6.18354 5.5483ZM6.76329 11.0961C6.4431 11.0961 6.18354 11.3531 6.18354 11.6701C6.18354 11.987 6.4431 12.244 6.76329 12.244H12.3676C12.6878 12.244 12.9473 11.987 12.9473 11.6701C12.9473 11.3531 12.6878 11.0961 12.3676 11.0961H6.76329ZM6.18354 8.60985C6.18354 8.29287 6.4431 8.03591 6.76329 8.03591H12.3676C12.6878 8.03591 12.9473 8.29287 12.9473 8.60985C12.9473 8.92684 12.6878 9.1838 12.3676 9.1838H6.76329C6.4431 9.1838 6.18354 8.92684 6.18354 8.60985ZM3.67118 5.5483C3.67118 5.23132 3.93075 4.97436 4.25093 4.97436H4.63743C4.95762 4.97436 5.21719 5.23132 5.21719 5.5483C5.21719 5.86528 4.95762 6.12224 4.63743 6.12224H4.25093C3.93075 6.12224 3.67118 5.86528 3.67118 5.5483ZM4.25093 11.0961C3.93075 11.0961 3.67118 11.3531 3.67118 11.6701C3.67118 11.987 3.93075 12.244 4.25093 12.244H4.63743C4.95762 12.244 5.21719 11.987 5.21719 11.6701C5.21719 11.3531 4.95762 11.0961 4.63743 11.0961H4.25093ZM3.67118 8.60985C3.67118 8.29287 3.93075 8.03591 4.25093 8.03591H4.63743C4.95762 8.03591 5.21719 8.29287 5.21719 8.60985C5.21719 8.92684 4.95762 9.1838 4.63743 9.1838H4.25093C3.93075 9.1838 3.67118 8.92684 3.67118 8.60985ZM4.25093 14.157C3.93075 14.157 3.67118 14.414 3.67118 14.731C3.67118 15.0479 3.93075 15.3049 4.25093 15.3049H4.63743C4.95762 15.3049 5.21719 15.0479 5.21719 14.731C5.21719 14.414 4.95762 14.157 4.63743 14.157H4.25093Z" fill="#EB0203"></path>
                        <path fill-rule="evenodd" clip-rule="evenodd" d="M14.6252 13.6363C13.4918 12.6215 11.7817 12.5264 10.6569 13.4792C9.12421 14.7764 9.34841 16.8912 10.4409 18.0122L14.0159 21.6742C14.2197 21.8832 14.4928 22 14.7822 22C15.0737 22 15.3448 21.8852 15.5486 21.6762L19.1236 18.0142C20.214 16.8933 20.4423 14.7785 18.9075 13.4792C17.7827 12.5283 16.0724 12.6217 14.9391 13.6365C14.8855 13.6845 14.8331 13.7345 14.7822 13.7866C14.7313 13.7345 14.6789 13.6843 14.6252 13.6363ZM18.1546 14.3522C19.0973 15.1508 18.9962 16.4896 18.2891 17.2173C18.2888 17.2175 18.2886 17.2177 18.2884 17.218L14.7832 20.8084L11.2753 17.2151C11.2752 17.215 11.2751 17.2149 11.2749 17.2148C10.5677 16.4887 10.4678 15.1495 11.4104 14.3518L11.4108 14.3514C12.0745 13.7892 13.2018 13.82 13.9488 14.5846L14.7822 15.4378L15.6157 14.5846C16.3617 13.8211 17.4896 13.79 18.1545 14.3521" fill="#EB0203"></path>
                        </svg>
                        <svg class="inactive-content" width="100%" height="100%" viewBox="0 0 20 23" fill="none" xmlns="http://www.w3.org/2000/svg">
                        <path fill-rule="evenodd" clip-rule="evenodd" d="M6.18408 5.77914C6.18408 5.46223 6.44363 5.20532 6.7638 5.20532H12.3678C12.6879 5.20532 12.9475 5.46223 12.9475 5.77914C12.9475 6.09606 12.6879 6.35297 12.3678 6.35297H6.7638C6.44363 6.35297 6.18408 6.09606 6.18408 5.77914Z" fill="#EB0203"></path>
                        <path fill-rule="evenodd" clip-rule="evenodd" d="M6.18408 11.9034C6.18408 11.5865 6.44363 11.3296 6.7638 11.3296H12.3678C12.6879 11.3296 12.9475 11.5865 12.9475 11.9034C12.9475 12.2202 12.6879 12.4771 12.3678 12.4771H6.7638C6.44363 12.4771 6.18408 12.2202 6.18408 11.9034Z" fill="#EB0203"></path>
                        <path fill-rule="evenodd" clip-rule="evenodd" d="M6.18408 8.84116C6.18408 8.52424 6.44363 8.26733 6.7638 8.26733H12.3678C12.6879 8.26733 12.9475 8.52424 12.9475 8.84116C12.9475 9.15807 12.6879 9.41498 12.3678 9.41498H6.7638C6.44363 9.41498 6.18408 9.15807 6.18408 8.84116Z" fill="#EB0203"></path>
                        <path fill-rule="evenodd" clip-rule="evenodd" d="M6.18408 14.9655C6.18408 14.6486 6.44363 14.3917 6.7638 14.3917H10.1455C10.4657 14.3917 10.7252 14.6486 10.7252 14.9655C10.7252 15.2825 10.4657 15.5394 10.1455 15.5394H6.7638C6.44363 15.5394 6.18408 15.2825 6.18408 14.9655Z" fill="#EB0203"></path>
                        <path fill-rule="evenodd" clip-rule="evenodd" d="M3.67139 5.77914C3.67139 5.46223 3.93094 5.20532 4.25111 5.20532H4.63759C4.95776 5.20532 5.21731 5.46223 5.21731 5.77914C5.21731 6.09606 4.95776 6.35297 4.63759 6.35297H4.25111C3.93094 6.35297 3.67139 6.09606 3.67139 5.77914Z" fill="#EB0203"></path>
                        <path fill-rule="evenodd" clip-rule="evenodd" d="M3.67139 11.9034C3.67139 11.5865 3.93094 11.3296 4.25111 11.3296H4.63759C4.95776 11.3296 5.21731 11.5865 5.21731 11.9034C5.21731 12.2202 4.95776 12.4771 4.63759 12.4771H4.25111C3.93094 12.4771 3.67139 12.2202 3.67139 11.9034Z" fill="#EB0203"></path>
                        <path fill-rule="evenodd" clip-rule="evenodd" d="M3.67139 8.84116C3.67139 8.52424 3.93094 8.26733 4.25111 8.26733H4.63759C4.95776 8.26733 5.21731 8.52424 5.21731 8.84116C5.21731 9.15807 4.95776 9.41498 4.63759 9.41498H4.25111C3.93094 9.41498 3.67139 9.15807 3.67139 8.84116Z" fill="#EB0203"></path>
                        <path fill-rule="evenodd" clip-rule="evenodd" d="M3.67139 14.9655C3.67139 14.6486 3.93094 14.3917 4.25111 14.3917H4.63759C4.95776 14.3917 5.21731 14.6486 5.21731 14.9655C5.21731 15.2825 4.95776 15.5394 4.63759 15.5394H4.25111C3.93094 15.5394 3.67139 15.2825 3.67139 14.9655Z" fill="#EB0203"></path>
                        <path fill-rule="evenodd" clip-rule="evenodd" d="M0 1.76033C0 0.914738 0.692131 0.229248 1.54592 0.229248H15.0727C15.9265 0.229248 16.6186 0.914738 16.6186 1.76033V11.2818C16.6186 11.5989 16.3591 11.8559 16.0389 11.8559C15.7187 11.8559 15.4592 11.5989 15.4592 11.2818V1.76033C15.4592 1.54893 15.2862 1.37756 15.0727 1.37756H1.54592C1.33247 1.37756 1.15944 1.54893 1.15944 1.76033V18.985C1.15944 19.1964 1.33247 19.3678 1.54592 19.3678H9.27551C9.59568 19.3678 9.85523 19.6249 9.85523 19.942C9.85523 20.2591 9.59568 20.5161 9.27551 20.5161H1.54592C0.692131 20.5161 0 19.8306 0 18.985V1.76033Z" fill="#EB0203"></path>
                        <path fill-rule="evenodd" clip-rule="evenodd" d="M14.6254 13.8718C13.4921 12.8567 11.7821 12.7615 10.6574 13.7147C9.12472 15.0124 9.34891 17.128 10.4413 18.2493L14.0161 21.9126C14.2199 22.1217 14.493 22.2386 14.7824 22.2386C15.0739 22.2386 15.3449 22.1238 15.5487 21.9147L19.1235 18.2514C20.2139 17.13 20.4422 15.0144 18.9075 13.7147C17.7827 12.7634 16.0726 12.8569 14.9392 13.872C14.8856 13.92 14.8333 13.9701 14.7824 14.0222C14.7314 13.97 14.6791 13.9199 14.6254 13.8718ZM18.1546 14.588C19.0972 15.3869 18.9961 16.7262 18.2891 17.4541C18.2888 17.4543 18.2886 17.4546 18.2884 17.4548L14.7834 21.0466L11.2757 17.452C11.2756 17.4519 11.2755 17.4517 11.2753 17.4516C10.5681 16.7252 10.4682 15.3856 11.4108 14.5876L11.4112 14.5872C12.0748 14.0248 13.202 14.0556 13.949 14.8205L14.7824 15.674L15.6158 14.8205C16.3618 14.0567 17.4896 14.0256 18.1545 14.5879" fill="#EB0203"></path>
                        </svg>
                        </button>
                        </div>
                        <div class="col-sm-10 col-12">
                        <div class="ct-tile-quantity d-none" data-pid="7251550">
                        <input type="hidden" class="add-to-cart-url" value="https://www.continente.pt/on/demandware.store/Sites-continente-Site/default/Cart-AddProduct" tabindex="-1">
                        <div class="d-none tile-delete-confirmation-btn" data-pid="7251550" data-delay-time="3000" data-in-cart-msg="no carrinho" data-one-product-added="Adicionado ao carrinho" data-remove-from-cart-msg="Removido do carrinho" data-stay-open="6000.0" data-confirmation-image="{&quot;url&quot;:&quot;https://www.continente.pt/dw/image/v2/BDVS_PRD/on/demandware.static/-/Sites-col-master-catalog/default/dw18c0df8a/images/col/725/7251550-frente.jpg?sw=87&amp;sh=80&quot;,&quot;fallbackimage&quot;:{&quot;url&quot;:&quot;https://www.continente.pt/dw/image/v2/BDVS_PRD/on/demandware.static/Sites-continente-Site/-/default/dw7c42b4da/images/noimagelarge_product.png?sw=87&amp;sh=80&quot;,&quot;title&quot;:&quot;Bolacha Chocolate Sabor Baunilha Tubo Original Halloween&quot;,&quot;alt&quot;:&quot;Bolacha Chocolate Sabor Baunilha Tubo Original Halloween&quot;},&quot;title&quot;:&quot;Bolacha Chocolate Sabor Baunilha Tubo Original Halloween&quot;,&quot;alt&quot;:&quot;Bolacha Chocolate Sabor Baunilha Tubo Original Halloween&quot;}"></div>
                        <div class="ct-tile-quantity-update quantity-update product-qty-vue" data-remove-action="https://www.continente.pt/on/demandware.store/Sites-continente-Site/default/Cart-RemoveProductLineItem" data-action="https://www.continente.pt/on/demandware.store/Sites-continente-Site/default/Cart-UpdateQuantity" data-dimension-update="https://www.continente.pt/on/demandware.store/Sites-continente-Site/default/Cart-DimensionUpdate" data-pid="7251550" data-uuid="390ffd5b2eedcac00339973c14" data-add-delay="500.0" data-measure-options="{&quot;hasConversionRate&quot;:false,&quot;hasAlternativeSaleUnit&quot;:false,&quot;unitConversionRate&quot;:null,&quot;minOrderQuantity&quot;:1,&quot;stepQuantity&quot;:1,&quot;primaryunit&quot;:&quot;un&quot;,&quot;secondaryunit&quot;:&quot;kg&quot;,&quot;selectedunit&quot;:&quot;primary&quot;,&quot;maxNumberOfUnitsPerSale&quot;:50}" data-price-available="null" :data-has-error="isMaxQtyReached || isMinQtyReached || qtySelectedMoreThanOne">
                        <template v-show="prodUnits">
                        <div class="quantity-input-wrapper has-units">
                        <label class="visually-hidden" :for="'quantity-' + pid + additionalTag">
                        Quantidade no carrinho
                        </label>
                        <input :ref="'quantityInput-' + pid + additionalTag" class="add-to-cart-quantity form-control ct-form-input text-center" inputmode="numeric" :class="{'is-invalid': isInvalid}" :data-pid="pid + additionalTag" :name="'quantity-' + pid + additionalTag" type="text" aria-label="Insira a quantidade" title="" v-model="displayValue" @change="updateQuantity" @focus="updateQtyFormat" @blur="restoreQtyFormat" :disabled="!isPriceAvailable">
                        <span class="quantity-icon quantity-icon--minus">
                        <button class="decrease-quantity-btn" @click="updateQuantity" :disabled="!isPriceAvailable" role="button" aria-label="Reduzir quantidade">
                        <i class="css-math-minus"></i>
                        </button>
                        </span>
                        <span class="quantity-icon quantity-icon--plus">
                        <button class="increase-quantity-btn" @click="updateQuantity" :disabled="isMaxQtyReached || !isPriceAvailable" role="button" aria-label="Aumentar quantidade">
                        <i class="css-math-plus"></i>
                        </button>
                        <span class="quantity-btn-disabled-placeholder"></span>
                        </span>
                        <template v-if="isPDP">
                        <span class="quantity-error ct-span-error text-sm-center product-max-allocation" v-if="isMaxQtyReached">
                        Quantidade máxima atingida
                        </span>
                        <span class="quantity-error ct-span-product text-sm-center product-allocation" v-if="!isMinQtyReached &amp;&amp; !isMaxQtyReached">
                        {{quantitySelected}} no carrinho
                        </span>
                        <span class="quantity-error ct-span-error text-sm-center product-min-allocation" :data-pid="pid" v-if="isMinQtyReached &amp;&amp; !isMaxQtyReached">
                        Quantidade mínima atingida
                        </span>
                        </template>
                        </div>
                        <template v-if="showNotes">
                        <div class="add-note-link-container ">
                        <div class="add-note">
                        <a href="/produto/bolacha-chocolate-sabor-baunilha-tubo-original-halloween-oreo-7251550.html?showNote=true" class="ct-add-note-redirect-pdp" aria-label="Adicionar comentário">
                        <span class="svg-wrapper svg-icon-notes" style="width:19px; height:20px">
                        <svg class="svg-inline icon-notes" viewBox="0 0 28 30" xmlns="http://www.w3.org/2000/svg" width="100%" height="100%"><path d="M21.738 0C22.985 0 24 1.04 24 2.319V12.47c0 .469-.37.848-.828.848-.457 0-.827-.38-.827-.848V2.32c0-.343-.273-.622-.607-.622H2.262c-.334 0-.607.279-.607.622V27.68c0 .343.273.622.607.622h7.81c.457 0 .827.38.827.849 0 .468-.37.848-.827.848h-7.81C1.015 30 0 28.96 0 27.681V2.32C0 1.04 1.015 0 2.262 0h19.476zm2.844 16.004l.227.007c.823.053 1.589.39 2.176.964.64.627.993 1.46.993 2.349 0 .888-.353 1.722-.993 2.348l-6.83 6.665c-.11.108-.247.186-.397.226l-5.032 1.363c-.078.021-.16.032-.241.032-.242 0-.478-.097-.647-.266-.23-.231-.314-.566-.218-.874l1.49-4.798c.044-.139.122-.266.227-.369l6.844-6.677c.64-.625 1.493-.97 2.401-.97zm-2.886 3.94l-4.922 4.802-.947 3.048 3.22-.872 4.897-4.78-2.248-2.197zm2.887-2.174c-.425 0-.824.162-1.124.455l-.484.472 2.248 2.197.484-.472c.62-.606.62-1.591 0-2.197l-.117-.104c-.283-.227-.636-.35-1.007-.35zm-10.839.022c.498 0 .904.396.904.883 0 .488-.406.884-.904.884H5.946c-.499 0-.904-.396-.904-.884 0-.487.405-.883.904-.883zm5.042-4.876c.498 0 .904.397.904.884s-.406.884-.904.884H5.946c-.499 0-.904-.397-.904-.884s.405-.884.904-.884zm0-4.875c.498 0 .904.396.904.884 0 .487-.406.883-.904.883H5.946c-.499 0-.904-.396-.904-.883 0-.488.405-.884.904-.884z" fill="#EB0203" fill-rule="evenodd"></path></svg>
                        </span>
                        <div class="available-note d-none"></div>
                        </a>
                        </div>
                        </div>
                        </template>
                        <div class="measurement-unit-section" v-if="isPriceAvailable &amp;&amp; prodUnits ? prodUnits.hasAlternativeUnit : false">
                        <div class="ct-form-radio" @click="setDimension">
                        <input type="radio" title="" class="ct-form-check-input product-measurement-unit" :data-type="prodUnits.selectedUnit == prodUnits.secondaryUnit ? 'primary' : ''" :id="prodUnits.secondaryUnit + '-' + pid + '-measurement-unit-ptile' + additionalTag" :name="'measurement-unit-' + pid + '-ptile' + additionalTag" :value="prodUnits.secondaryUnit" v-model="prodUnits.selectedUnit">
                        <label :class="prodUnits.secondaryUnit + '-label ct-form-check-label mb-0'" :for="prodUnits.secondaryUnit + '-' + pid + '-measurement-unit-ptile' + additionalTag">
                        {{prodUnits.secondaryUnit}}
                        </label>
                        <span class="checkmark"></span>
                        </div>
                        <div class="ct-form-radio" @click="setDimension">
                        <input type="radio" title="" class="ct-form-check-input product-measurement-unit" :data-type="prodUnits.selectedUnit == prodUnits.primaryUnit ? 'primary' : ''" :id="prodUnits.primaryUnit + '-' + pid + '-measurement-unit-ptile' + additionalTag" :name="'measurement-unit-' + pid + '-ptile' + additionalTag" :value="prodUnits.primaryUnit" v-model="prodUnits.selectedUnit">
                        <label :class="prodUnits.primaryUnit + '-label ct-form-check-label mb-0'" :for="prodUnits.primaryUnit + '-' + pid + '-measurement-unit-ptile' + additionalTag">
                        {{prodUnits.primaryUnit}}
                        </label>
                        <span class="checkmark"></span>
                        </div>
                        </div>
                        <template v-if="!isPDP &amp;&amp; isPriceAvailable">
                        <span class="quantity-error ct-span-error product-max-allocation" v-if="isMaxQtyReached">
                        Quantidade máxima atingida
                        </span>
                        <span class="quantity-error ct-span-product product-allocation" v-if="!isMinQtyReached &amp;&amp; !isMaxQtyReached">
                        {{quantitySelected}} no carrinho
                        </span>
                        <span class="quantity-error ct-span-error product-min-allocation" :data-pid="pid" v-if="isMinQtyReached &amp;&amp; !isMaxQtyReached">
                        Quantidade mínima atingida
                        </span>
                        </template>
                        </template>
                        </div>
                        <input class="quantity-value-mask d-none" name="quantity" type="number" min="0" value="" tabindex="-1">
                        </div>
                        <button type="button" class="add-to-cart button js-add-to-cart js-add-to-cart-tile 7251550 button--primary dynamic-layout-btn" data-toggle="modal" data-target="#chooseBonusProductModal" data-pid="7251550" data-quantity-value="null" aria-label="Carrinho" tabindex="-1">
                        <span class="d-block d-sm-none">
                        <span class="svg-wrapper svg-icon-cart" style="width:20px; height:20px">
                        <svg class="svg-inline icon-cart" xmlns="http://www.w3.org/2000/svg" viewBox="0 0 500 500" width="100%" height="100%"><path fill="#EB0203" fill-rule="evenodd" d="M 485.67317,94.386311 C 476.37798,83.847129 463.09468,78.03348 448.30404,78.03348 H 90.690813 L 87.079511,51.327997 C 83.185582,22.539551 62.962285,0 41.011841,0 H 14.727836 C 6.563151,0 0,6.5286975 0,14.580758 c 0,8.05206 6.5945535,14.580758 14.727836,14.580758 h 26.284005 c 4.710398,0 14.696435,9.855222 16.894619,26.021523 L 100.01739,368.0631 c 1.88416,13.77244 9.01256,26.70549 20.1605,36.37417 8.25889,7.15046 18.02511,11.9071 28.26237,13.89679 -4.17655,7.58572 -6.53175,16.25957 -6.53175,25.493 0,29.53459 24.27424,53.59751 54.13815,53.59751 29.8325,0 54.13814,-24.03184 54.13814,-53.59751 0,-8.79818 -2.19818,-17.09897 -5.9979,-24.43598 h 77.12488 c -3.79973,7.33701 -5.96652,15.6378 -5.96652,24.43598 0,29.53459 24.27424,53.59751 54.13817,53.59751 29.83249,0 54.13814,-24.03184 54.13814,-53.59751 0,-8.79818 -2.1982,-17.09897 -5.9979,-24.43598 h 38.56243 c 8.13328,0 14.72783,-6.5287 14.72783,-14.61183 0,-8.02098 -6.59455,-14.54967 -14.72783,-14.54967 H 159.24277 c -14.38241,0 -28.13677,-11.90711 -30.02092,-26.02153 l -3.07746,-22.88154 h 290.6314 c 14.03698,0 27.94834,-5.28513 39.06488,-14.95381 11.11652,-9.6376 18.27632,-22.57065 20.16048,-36.37417 l 21.10259,-156.78201 c 1.94694,-14.51858 -2.10398,-28.29103 -11.43057,-38.861299 z M 220.76053,443.82706 c 0,13.49265 -11.08513,24.46709 -24.68247,24.46709 -13.62874,0 -24.71387,-10.97444 -24.71387,-24.46709 0,-13.49262 11.08513,-24.43598 24.71387,-24.43598 13.59734,0 24.68247,10.94336 24.68247,24.43598 z m 173.43675,0 c 0,13.49265 -11.08512,24.46709 -24.68245,24.46709 -13.62876,0 -24.71388,-10.97444 -24.71388,-24.46709 0,-13.49262 11.08512,-24.43598 24.71388,-24.43598 13.59733,0 24.68245,10.94336 24.68245,24.43598 z m 73.7648,-314.46558 -21.13397,156.782 c -1.88416,14.11442 -15.63851,26.05261 -30.02091,26.05261 H 122.25046 L 94.616142,107.19499 H 448.33544 c 6.18632,0 11.61896,2.2695 15.23028,6.37326 3.64269,4.13484 5.21283,9.73086 4.39636,15.79323 z"></path></svg>
                        </span>
                        </span>
                        <span class="add-to-cart--text d-none d-sm-block">Carrinho</span>
                        </button>
                        </div>
                        </div>
                        </div>
                        </div>
                        
                        <div class="col-12 d-sm-none">
                        </div>
                        </div>
                        </div>
                        </div>
                        </div><div class="pd-tile-wrap slick-slide slick-cloned" data-idx="6" style="height: auto; width: 221px;" data-slick-index="15" id="" aria-hidden="true" tabindex="-1">
                        
                        <script type="text/javascript">//<!--
                        /* <![CDATA[ */
                        (function(){
                        try {
                            if(window.CQuotient) {
                                var cq_params = {};
                                cq_params.cookieId = window.CQuotient.getCQCookieId();
                                cq_params.userId = window.CQuotient.getCQUserId();
                                cq_params.emailId = CQuotient.getCQHashedEmail();
                                cq_params.loginId = CQuotient.getCQHashedLogin();
                                cq_params.accumulate = true;
                                cq_params.products = [{
                                    id: '7393886',
                                    sku: '',
                                    type: '',
                                    alt_id: ''
                                }];
                                cq_params.recommenderName = 'FOOD-MERCEARIA';
                                cq_params.realm = "BDVS";
                                cq_params.siteId = "continente";
                                cq_params.instanceType = "prd";
                                cq_params.locale = window.CQuotient.locale;
                                cq_params.slotId = 'col-category-product-recommendations';
                                cq_params.slotConfigId = 'FOOD Recommender Mercearia - Einstein';
                                cq_params.slotConfigTemplate = 'slots\/recommendation\/recommendedProductsCLP.isml';
                                if(window.CQuotient.sendActivity)
                                    window.CQuotient.sendActivity( CQuotient.clientId, 'viewReco', cq_params );
                                else
                                    window.CQuotient.activities.push( {activityType: 'viewReco', parameters: cq_params} );
                            }
                        } catch(err) {}
                        })();
                        /* ]]> */
                        // -->
                        </script>
                        <script type="text/javascript">//<!--
                        /* <![CDATA[ (viewProduct-active_data.js) */
                        dw.ac._capture({id: "7393886", type: "recommendation"});
                        /* ]]> */
                        // -->
                        </script>
                        <div class="product" data-pid="7393886">
                        <div class="product-tile pid-7393886   ct-product-tile " data-delay-time="3000" data-variants-mapping="[]" data-in-cart-msg="no carrinho" data-one-product-added="Adicionado ao carrinho" data-remove-from-cart-msg="Removido do carrinho" data-stay-open="6000.0" data-product-tile-impression="{&quot;name&quot;:&quot;7393886&quot;,&quot;id&quot;:&quot;7393886&quot;,&quot;price&quot;:5.59,&quot;brand&quot;:&quot;Estrelitas&quot;,&quot;category&quot;:[{&quot;category_level_1&quot;:&quot;Mercearia&quot;},{&quot;category_level_2&quot;:&quot;Cereais e Barras&quot;},{&quot;category_level_3&quot;:&quot;Cereais Infantis e Juvenis&quot;}],&quot;variant&quot;:&quot;&quot;}">
                        <div class="ct-inner-tile-wrap row no-gutters justify-content-center align-content-start">
                        
                        <div class="ct-image-container col-4 col-sm" data-confirmation-image="{&quot;url&quot;:&quot;https://www.continente.pt/dw/image/v2/BDVS_PRD/on/demandware.static/-/Sites-col-master-catalog/default/dw11b2cb1b/images/col/739/7393886-hero.jpg?sw=87&amp;sh=80&quot;,&quot;fallbackimage&quot;:{&quot;url&quot;:&quot;https://www.continente.pt/dw/image/v2/BDVS_PRD/on/demandware.static/Sites-continente-Site/-/default/dw7c42b4da/images/noimagelarge_product.png?sw=87&amp;sh=80&quot;,&quot;title&quot;:&quot;Cereais Estrelitas Mel&quot;,&quot;alt&quot;:&quot;Cereais Estrelitas Mel&quot;},&quot;title&quot;:&quot;Cereais Estrelitas Mel&quot;,&quot;alt&quot;:&quot;Cereais Estrelitas Mel&quot;}">
                        <a href="https://www.continente.pt/produto/cereais-estrelitas-mel-estrelitas-7393886.html?cgid=home" tabindex="-1">
                        <picture class="intrinsic intrinsic--square">
                        <img class="ct-tile-image lazyloaded" loading="lazy" onerror="this.onerror=null;this.src='/on/demandware.static/Sites-continente-Site/-/default/dw7c42b4da/images/noimagelarge_product.png';" data-src="https://www.continente.pt/dw/image/v2/BDVS_PRD/on/demandware.static/-/Sites-col-master-catalog/default/dw11b2cb1b/images/col/739/7393886-hero.jpg?sw=280&amp;sh=280" alt="Cereais Estrelitas Mel" title="Cereais Estrelitas Mel" src="https://www.continente.pt/dw/image/v2/BDVS_PRD/on/demandware.static/-/Sites-col-master-catalog/default/dw11b2cb1b/images/col/739/7393886-hero.jpg?sw=280&amp;sh=280">
                        </picture>
                        </a>
                        <div class=" ct-product-tile-badge ct-product-tile-badge--general">
                        <img class="img-fluid ct-tooltip-trigger lazyloaded" loading="lazy" data-src="https://www.continente.pt/dw/image/v2/BDVS_PRD/on/demandware.static/-/Sites-continente-Library/default/dw89ce697f/images/badges/general/col/Icon_Pub.png?sw=25&amp;sh=25" alt="Crachá do produto" title="Produto Patrocinado" data-toggle="tooltip" data-placement="right" src="https://www.continente.pt/dw/image/v2/BDVS_PRD/on/demandware.static/-/Sites-continente-Library/default/dw89ce697f/images/badges/general/col/Icon_Pub.png?sw=25&amp;sh=25">
                        </div>
                        <div class="color-swatches d-flex" style="margin-left: 5px;">
                        <div class="swatches d-flex">
                        </div>
                        </div>
                        </div>
                        <div class="ct-tile-body col col-sm-auto ">
                        <div class="ct-pdp-details">
                        <div class="ct-pdp-link">
                        <a class="ct-tile--description" href="https://www.continente.pt/produto/cereais-estrelitas-mel-estrelitas-7393886.html?cgid=home" tabindex="-1">Cereais Estrelitas Mel</a>
                        <div class="ct-tile--favorite-top d-sm-none">
                        <button class="wishlist-toggler guest-mode inactive button button--tertiary" data-pid="7393886" data-add-url="https://www.continente.pt/on/demandware.store/Sites-continente-Site/default/Wishlist-AddProduct?pid=7393886" data-toggle="tooltip" aria-label="Adicionar aos favoritos " data-original-title="Adicionar aos favoritos" data-placement="top" tabindex="-1">
                        <svg class="active-content" width="100%" height="100%" viewBox="0 0 20 22" fill="none" xmlns="http://www.w3.org/2000/svg">
                        <path fill-rule="evenodd" clip-rule="evenodd" d="M0 1.53052C0 0.685236 0.692171 0 1.54601 0H15.0736C15.9274 0 16.6196 0.685235 16.6196 1.53052V13.4064L15.8127 13.922L14.2658 14.2658L12.7189 13.4064L10.6054 14.3818C10.4994 14.2451 10.3327 14.157 10.1452 14.157H6.76329C6.4431 14.157 6.18354 14.414 6.18354 14.731C6.18354 15.0479 6.4431 15.3049 6.76329 15.3049H10.1452C10.2478 15.3049 10.3441 15.2785 10.4277 15.2322L10.3126 16.8439L13.2345 20.2793H1.54601C0.69217 20.2793 0 19.5941 0 18.7488V1.53052ZM6.18354 5.5483C6.18354 5.23132 6.4431 4.97436 6.76329 4.97436H12.3676C12.6878 4.97436 12.9473 5.23132 12.9473 5.5483C12.9473 5.86528 12.6878 6.12224 12.3676 6.12224H6.76329C6.4431 6.12224 6.18354 5.86528 6.18354 5.5483ZM6.76329 11.0961C6.4431 11.0961 6.18354 11.3531 6.18354 11.6701C6.18354 11.987 6.4431 12.244 6.76329 12.244H12.3676C12.6878 12.244 12.9473 11.987 12.9473 11.6701C12.9473 11.3531 12.6878 11.0961 12.3676 11.0961H6.76329ZM6.18354 8.60985C6.18354 8.29287 6.4431 8.03591 6.76329 8.03591H12.3676C12.6878 8.03591 12.9473 8.29287 12.9473 8.60985C12.9473 8.92684 12.6878 9.1838 12.3676 9.1838H6.76329C6.4431 9.1838 6.18354 8.92684 6.18354 8.60985ZM3.67118 5.5483C3.67118 5.23132 3.93075 4.97436 4.25093 4.97436H4.63743C4.95762 4.97436 5.21719 5.23132 5.21719 5.5483C5.21719 5.86528 4.95762 6.12224 4.63743 6.12224H4.25093C3.93075 6.12224 3.67118 5.86528 3.67118 5.5483ZM4.25093 11.0961C3.93075 11.0961 3.67118 11.3531 3.67118 11.6701C3.67118 11.987 3.93075 12.244 4.25093 12.244H4.63743C4.95762 12.244 5.21719 11.987 5.21719 11.6701C5.21719 11.3531 4.95762 11.0961 4.63743 11.0961H4.25093ZM3.67118 8.60985C3.67118 8.29287 3.93075 8.03591 4.25093 8.03591H4.63743C4.95762 8.03591 5.21719 8.29287 5.21719 8.60985C5.21719 8.92684 4.95762 9.1838 4.63743 9.1838H4.25093C3.93075 9.1838 3.67118 8.92684 3.67118 8.60985ZM4.25093 14.157C3.93075 14.157 3.67118 14.414 3.67118 14.731C3.67118 15.0479 3.93075 15.3049 4.25093 15.3049H4.63743C4.95762 15.3049 5.21719 15.0479 5.21719 14.731C5.21719 14.414 4.95762 14.157 4.63743 14.157H4.25093Z" fill="#EB0203"></path>
                        <path fill-rule="evenodd" clip-rule="evenodd" d="M14.6252 13.6363C13.4918 12.6215 11.7817 12.5264 10.6569 13.4792C9.12421 14.7764 9.34841 16.8912 10.4409 18.0122L14.0159 21.6742C14.2197 21.8832 14.4928 22 14.7822 22C15.0737 22 15.3448 21.8852 15.5486 21.6762L19.1236 18.0142C20.214 16.8933 20.4423 14.7785 18.9075 13.4792C17.7827 12.5283 16.0724 12.6217 14.9391 13.6365C14.8855 13.6845 14.8331 13.7345 14.7822 13.7866C14.7313 13.7345 14.6789 13.6843 14.6252 13.6363ZM18.1546 14.3522C19.0973 15.1508 18.9962 16.4896 18.2891 17.2173C18.2888 17.2175 18.2886 17.2177 18.2884 17.218L14.7832 20.8084L11.2753 17.2151C11.2752 17.215 11.2751 17.2149 11.2749 17.2148C10.5677 16.4887 10.4678 15.1495 11.4104 14.3518L11.4108 14.3514C12.0745 13.7892 13.2018 13.82 13.9488 14.5846L14.7822 15.4378L15.6157 14.5846C16.3617 13.8211 17.4896 13.79 18.1545 14.3521" fill="#EB0203"></path>
                        </svg>
                        <svg class="inactive-content" width="100%" height="100%" viewBox="0 0 20 23" fill="none" xmlns="http://www.w3.org/2000/svg">
                        <path fill-rule="evenodd" clip-rule="evenodd" d="M6.18408 5.77914C6.18408 5.46223 6.44363 5.20532 6.7638 5.20532H12.3678C12.6879 5.20532 12.9475 5.46223 12.9475 5.77914C12.9475 6.09606 12.6879 6.35297 12.3678 6.35297H6.7638C6.44363 6.35297 6.18408 6.09606 6.18408 5.77914Z" fill="#EB0203"></path>
                        <path fill-rule="evenodd" clip-rule="evenodd" d="M6.18408 11.9034C6.18408 11.5865 6.44363 11.3296 6.7638 11.3296H12.3678C12.6879 11.3296 12.9475 11.5865 12.9475 11.9034C12.9475 12.2202 12.6879 12.4771 12.3678 12.4771H6.7638C6.44363 12.4771 6.18408 12.2202 6.18408 11.9034Z" fill="#EB0203"></path>
                        <path fill-rule="evenodd" clip-rule="evenodd" d="M6.18408 8.84116C6.18408 8.52424 6.44363 8.26733 6.7638 8.26733H12.3678C12.6879 8.26733 12.9475 8.52424 12.9475 8.84116C12.9475 9.15807 12.6879 9.41498 12.3678 9.41498H6.7638C6.44363 9.41498 6.18408 9.15807 6.18408 8.84116Z" fill="#EB0203"></path>
                        <path fill-rule="evenodd" clip-rule="evenodd" d="M6.18408 14.9655C6.18408 14.6486 6.44363 14.3917 6.7638 14.3917H10.1455C10.4657 14.3917 10.7252 14.6486 10.7252 14.9655C10.7252 15.2825 10.4657 15.5394 10.1455 15.5394H6.7638C6.44363 15.5394 6.18408 15.2825 6.18408 14.9655Z" fill="#EB0203"></path>
                        <path fill-rule="evenodd" clip-rule="evenodd" d="M3.67139 5.77914C3.67139 5.46223 3.93094 5.20532 4.25111 5.20532H4.63759C4.95776 5.20532 5.21731 5.46223 5.21731 5.77914C5.21731 6.09606 4.95776 6.35297 4.63759 6.35297H4.25111C3.93094 6.35297 3.67139 6.09606 3.67139 5.77914Z" fill="#EB0203"></path>
                        <path fill-rule="evenodd" clip-rule="evenodd" d="M3.67139 11.9034C3.67139 11.5865 3.93094 11.3296 4.25111 11.3296H4.63759C4.95776 11.3296 5.21731 11.5865 5.21731 11.9034C5.21731 12.2202 4.95776 12.4771 4.63759 12.4771H4.25111C3.93094 12.4771 3.67139 12.2202 3.67139 11.9034Z" fill="#EB0203"></path>
                        <path fill-rule="evenodd" clip-rule="evenodd" d="M3.67139 8.84116C3.67139 8.52424 3.93094 8.26733 4.25111 8.26733H4.63759C4.95776 8.26733 5.21731 8.52424 5.21731 8.84116C5.21731 9.15807 4.95776 9.41498 4.63759 9.41498H4.25111C3.93094 9.41498 3.67139 9.15807 3.67139 8.84116Z" fill="#EB0203"></path>
                        <path fill-rule="evenodd" clip-rule="evenodd" d="M3.67139 14.9655C3.67139 14.6486 3.93094 14.3917 4.25111 14.3917H4.63759C4.95776 14.3917 5.21731 14.6486 5.21731 14.9655C5.21731 15.2825 4.95776 15.5394 4.63759 15.5394H4.25111C3.93094 15.5394 3.67139 15.2825 3.67139 14.9655Z" fill="#EB0203"></path>
                        <path fill-rule="evenodd" clip-rule="evenodd" d="M0 1.76033C0 0.914738 0.692131 0.229248 1.54592 0.229248H15.0727C15.9265 0.229248 16.6186 0.914738 16.6186 1.76033V11.2818C16.6186 11.5989 16.3591 11.8559 16.0389 11.8559C15.7187 11.8559 15.4592 11.5989 15.4592 11.2818V1.76033C15.4592 1.54893 15.2862 1.37756 15.0727 1.37756H1.54592C1.33247 1.37756 1.15944 1.54893 1.15944 1.76033V18.985C1.15944 19.1964 1.33247 19.3678 1.54592 19.3678H9.27551C9.59568 19.3678 9.85523 19.6249 9.85523 19.942C9.85523 20.2591 9.59568 20.5161 9.27551 20.5161H1.54592C0.692131 20.5161 0 19.8306 0 18.985V1.76033Z" fill="#EB0203"></path>
                        <path fill-rule="evenodd" clip-rule="evenodd" d="M14.6254 13.8718C13.4921 12.8567 11.7821 12.7615 10.6574 13.7147C9.12472 15.0124 9.34891 17.128 10.4413 18.2493L14.0161 21.9126C14.2199 22.1217 14.493 22.2386 14.7824 22.2386C15.0739 22.2386 15.3449 22.1238 15.5487 21.9147L19.1235 18.2514C20.2139 17.13 20.4422 15.0144 18.9075 13.7147C17.7827 12.7634 16.0726 12.8569 14.9392 13.872C14.8856 13.92 14.8333 13.9701 14.7824 14.0222C14.7314 13.97 14.6791 13.9199 14.6254 13.8718ZM18.1546 14.588C19.0972 15.3869 18.9961 16.7262 18.2891 17.4541C18.2888 17.4543 18.2886 17.4546 18.2884 17.4548L14.7834 21.0466L11.2757 17.452C11.2756 17.4519 11.2755 17.4517 11.2753 17.4516C10.5681 16.7252 10.4682 15.3856 11.4108 14.5876L11.4112 14.5872C12.0748 14.0248 13.202 14.0556 13.949 14.8205L14.7824 15.674L15.6158 14.8205C16.3618 14.0567 17.4896 14.0256 18.1545 14.5879" fill="#EB0203"></path>
                        </svg>
                        </button>
                        </div>
                        </div>
                        <p class="ct-tile--brand">Estrelitas</p>
                        <p class="ct-tile--quantity">emb. 750 gr</p>
                        </div>
                        <div class="ct-tile-bottom row no-gutters justify-content-between">
                        <div class="ct-price-wrap col-8 col-sm-12">
                        <div class="price js-product-price">
                        <div class="prices-wrapper">
                        <span class="sales ct-tile--price-primary ">
                        <span class="value" content="5.59">
                        
                        <span class="ct-price-formatted">
                        €5,59
                        </span>
                        <span class="ct-m-unit">
                        /un
                        </span>
                        </span>
                        </span>
                        </div>
                        <div class="ct-tile--price-secondary">
                        <span class="ct-price-value">
                        €7,45
                        </span>
                        <span class="ct-m-unit">
                        /kg
                        </span>
                        </div>
                        </div>
                        </div>
                        <div class="ct-tile-buy-section d-flex justify-content-center no-gutters col-auto col-sm-12">
                        <div class="col-2 d-sm-flex d-none">
                        <button class="wishlist-toggler guest-mode inactive button button--tertiary" data-pid="7393886" data-add-url="https://www.continente.pt/on/demandware.store/Sites-continente-Site/default/Wishlist-AddProduct?pid=7393886" data-toggle="tooltip" aria-label="Adicionar aos favoritos " data-original-title="Adicionar aos favoritos" data-placement="top" tabindex="-1">
                        <svg class="active-content" width="100%" height="100%" viewBox="0 0 20 22" fill="none" xmlns="http://www.w3.org/2000/svg">
                        <path fill-rule="evenodd" clip-rule="evenodd" d="M0 1.53052C0 0.685236 0.692171 0 1.54601 0H15.0736C15.9274 0 16.6196 0.685235 16.6196 1.53052V13.4064L15.8127 13.922L14.2658 14.2658L12.7189 13.4064L10.6054 14.3818C10.4994 14.2451 10.3327 14.157 10.1452 14.157H6.76329C6.4431 14.157 6.18354 14.414 6.18354 14.731C6.18354 15.0479 6.4431 15.3049 6.76329 15.3049H10.1452C10.2478 15.3049 10.3441 15.2785 10.4277 15.2322L10.3126 16.8439L13.2345 20.2793H1.54601C0.69217 20.2793 0 19.5941 0 18.7488V1.53052ZM6.18354 5.5483C6.18354 5.23132 6.4431 4.97436 6.76329 4.97436H12.3676C12.6878 4.97436 12.9473 5.23132 12.9473 5.5483C12.9473 5.86528 12.6878 6.12224 12.3676 6.12224H6.76329C6.4431 6.12224 6.18354 5.86528 6.18354 5.5483ZM6.76329 11.0961C6.4431 11.0961 6.18354 11.3531 6.18354 11.6701C6.18354 11.987 6.4431 12.244 6.76329 12.244H12.3676C12.6878 12.244 12.9473 11.987 12.9473 11.6701C12.9473 11.3531 12.6878 11.0961 12.3676 11.0961H6.76329ZM6.18354 8.60985C6.18354 8.29287 6.4431 8.03591 6.76329 8.03591H12.3676C12.6878 8.03591 12.9473 8.29287 12.9473 8.60985C12.9473 8.92684 12.6878 9.1838 12.3676 9.1838H6.76329C6.4431 9.1838 6.18354 8.92684 6.18354 8.60985ZM3.67118 5.5483C3.67118 5.23132 3.93075 4.97436 4.25093 4.97436H4.63743C4.95762 4.97436 5.21719 5.23132 5.21719 5.5483C5.21719 5.86528 4.95762 6.12224 4.63743 6.12224H4.25093C3.93075 6.12224 3.67118 5.86528 3.67118 5.5483ZM4.25093 11.0961C3.93075 11.0961 3.67118 11.3531 3.67118 11.6701C3.67118 11.987 3.93075 12.244 4.25093 12.244H4.63743C4.95762 12.244 5.21719 11.987 5.21719 11.6701C5.21719 11.3531 4.95762 11.0961 4.63743 11.0961H4.25093ZM3.67118 8.60985C3.67118 8.29287 3.93075 8.03591 4.25093 8.03591H4.63743C4.95762 8.03591 5.21719 8.29287 5.21719 8.60985C5.21719 8.92684 4.95762 9.1838 4.63743 9.1838H4.25093C3.93075 9.1838 3.67118 8.92684 3.67118 8.60985ZM4.25093 14.157C3.93075 14.157 3.67118 14.414 3.67118 14.731C3.67118 15.0479 3.93075 15.3049 4.25093 15.3049H4.63743C4.95762 15.3049 5.21719 15.0479 5.21719 14.731C5.21719 14.414 4.95762 14.157 4.63743 14.157H4.25093Z" fill="#EB0203"></path>
                        <path fill-rule="evenodd" clip-rule="evenodd" d="M14.6252 13.6363C13.4918 12.6215 11.7817 12.5264 10.6569 13.4792C9.12421 14.7764 9.34841 16.8912 10.4409 18.0122L14.0159 21.6742C14.2197 21.8832 14.4928 22 14.7822 22C15.0737 22 15.3448 21.8852 15.5486 21.6762L19.1236 18.0142C20.214 16.8933 20.4423 14.7785 18.9075 13.4792C17.7827 12.5283 16.0724 12.6217 14.9391 13.6365C14.8855 13.6845 14.8331 13.7345 14.7822 13.7866C14.7313 13.7345 14.6789 13.6843 14.6252 13.6363ZM18.1546 14.3522C19.0973 15.1508 18.9962 16.4896 18.2891 17.2173C18.2888 17.2175 18.2886 17.2177 18.2884 17.218L14.7832 20.8084L11.2753 17.2151C11.2752 17.215 11.2751 17.2149 11.2749 17.2148C10.5677 16.4887 10.4678 15.1495 11.4104 14.3518L11.4108 14.3514C12.0745 13.7892 13.2018 13.82 13.9488 14.5846L14.7822 15.4378L15.6157 14.5846C16.3617 13.8211 17.4896 13.79 18.1545 14.3521" fill="#EB0203"></path>
                        </svg>
                        <svg class="inactive-content" width="100%" height="100%" viewBox="0 0 20 23" fill="none" xmlns="http://www.w3.org/2000/svg">
                        <path fill-rule="evenodd" clip-rule="evenodd" d="M6.18408 5.77914C6.18408 5.46223 6.44363 5.20532 6.7638 5.20532H12.3678C12.6879 5.20532 12.9475 5.46223 12.9475 5.77914C12.9475 6.09606 12.6879 6.35297 12.3678 6.35297H6.7638C6.44363 6.35297 6.18408 6.09606 6.18408 5.77914Z" fill="#EB0203"></path>
                        <path fill-rule="evenodd" clip-rule="evenodd" d="M6.18408 11.9034C6.18408 11.5865 6.44363 11.3296 6.7638 11.3296H12.3678C12.6879 11.3296 12.9475 11.5865 12.9475 11.9034C12.9475 12.2202 12.6879 12.4771 12.3678 12.4771H6.7638C6.44363 12.4771 6.18408 12.2202 6.18408 11.9034Z" fill="#EB0203"></path>
                        <path fill-rule="evenodd" clip-rule="evenodd" d="M6.18408 8.84116C6.18408 8.52424 6.44363 8.26733 6.7638 8.26733H12.3678C12.6879 8.26733 12.9475 8.52424 12.9475 8.84116C12.9475 9.15807 12.6879 9.41498 12.3678 9.41498H6.7638C6.44363 9.41498 6.18408 9.15807 6.18408 8.84116Z" fill="#EB0203"></path>
                        <path fill-rule="evenodd" clip-rule="evenodd" d="M6.18408 14.9655C6.18408 14.6486 6.44363 14.3917 6.7638 14.3917H10.1455C10.4657 14.3917 10.7252 14.6486 10.7252 14.9655C10.7252 15.2825 10.4657 15.5394 10.1455 15.5394H6.7638C6.44363 15.5394 6.18408 15.2825 6.18408 14.9655Z" fill="#EB0203"></path>
                        <path fill-rule="evenodd" clip-rule="evenodd" d="M3.67139 5.77914C3.67139 5.46223 3.93094 5.20532 4.25111 5.20532H4.63759C4.95776 5.20532 5.21731 5.46223 5.21731 5.77914C5.21731 6.09606 4.95776 6.35297 4.63759 6.35297H4.25111C3.93094 6.35297 3.67139 6.09606 3.67139 5.77914Z" fill="#EB0203"></path>
                        <path fill-rule="evenodd" clip-rule="evenodd" d="M3.67139 11.9034C3.67139 11.5865 3.93094 11.3296 4.25111 11.3296H4.63759C4.95776 11.3296 5.21731 11.5865 5.21731 11.9034C5.21731 12.2202 4.95776 12.4771 4.63759 12.4771H4.25111C3.93094 12.4771 3.67139 12.2202 3.67139 11.9034Z" fill="#EB0203"></path>
                        <path fill-rule="evenodd" clip-rule="evenodd" d="M3.67139 8.84116C3.67139 8.52424 3.93094 8.26733 4.25111 8.26733H4.63759C4.95776 8.26733 5.21731 8.52424 5.21731 8.84116C5.21731 9.15807 4.95776 9.41498 4.63759 9.41498H4.25111C3.93094 9.41498 3.67139 9.15807 3.67139 8.84116Z" fill="#EB0203"></path>
                        <path fill-rule="evenodd" clip-rule="evenodd" d="M3.67139 14.9655C3.67139 14.6486 3.93094 14.3917 4.25111 14.3917H4.63759C4.95776 14.3917 5.21731 14.6486 5.21731 14.9655C5.21731 15.2825 4.95776 15.5394 4.63759 15.5394H4.25111C3.93094 15.5394 3.67139 15.2825 3.67139 14.9655Z" fill="#EB0203"></path>
                        <path fill-rule="evenodd" clip-rule="evenodd" d="M0 1.76033C0 0.914738 0.692131 0.229248 1.54592 0.229248H15.0727C15.9265 0.229248 16.6186 0.914738 16.6186 1.76033V11.2818C16.6186 11.5989 16.3591 11.8559 16.0389 11.8559C15.7187 11.8559 15.4592 11.5989 15.4592 11.2818V1.76033C15.4592 1.54893 15.2862 1.37756 15.0727 1.37756H1.54592C1.33247 1.37756 1.15944 1.54893 1.15944 1.76033V18.985C1.15944 19.1964 1.33247 19.3678 1.54592 19.3678H9.27551C9.59568 19.3678 9.85523 19.6249 9.85523 19.942C9.85523 20.2591 9.59568 20.5161 9.27551 20.5161H1.54592C0.692131 20.5161 0 19.8306 0 18.985V1.76033Z" fill="#EB0203"></path>
                        <path fill-rule="evenodd" clip-rule="evenodd" d="M14.6254 13.8718C13.4921 12.8567 11.7821 12.7615 10.6574 13.7147C9.12472 15.0124 9.34891 17.128 10.4413 18.2493L14.0161 21.9126C14.2199 22.1217 14.493 22.2386 14.7824 22.2386C15.0739 22.2386 15.3449 22.1238 15.5487 21.9147L19.1235 18.2514C20.2139 17.13 20.4422 15.0144 18.9075 13.7147C17.7827 12.7634 16.0726 12.8569 14.9392 13.872C14.8856 13.92 14.8333 13.9701 14.7824 14.0222C14.7314 13.97 14.6791 13.9199 14.6254 13.8718ZM18.1546 14.588C19.0972 15.3869 18.9961 16.7262 18.2891 17.4541C18.2888 17.4543 18.2886 17.4546 18.2884 17.4548L14.7834 21.0466L11.2757 17.452C11.2756 17.4519 11.2755 17.4517 11.2753 17.4516C10.5681 16.7252 10.4682 15.3856 11.4108 14.5876L11.4112 14.5872C12.0748 14.0248 13.202 14.0556 13.949 14.8205L14.7824 15.674L15.6158 14.8205C16.3618 14.0567 17.4896 14.0256 18.1545 14.5879" fill="#EB0203"></path>
                        </svg>
                        </button>
                        </div>
                        <div class="col-sm-10 col-12">
                        <div class="ct-tile-quantity d-none" data-pid="7393886">
                        <input type="hidden" class="add-to-cart-url" value="https://www.continente.pt/on/demandware.store/Sites-continente-Site/default/Cart-AddProduct" tabindex="-1">
                        <div class="d-none tile-delete-confirmation-btn" data-pid="7393886" data-delay-time="3000" data-in-cart-msg="no carrinho" data-one-product-added="Adicionado ao carrinho" data-remove-from-cart-msg="Removido do carrinho" data-stay-open="6000.0" data-confirmation-image="{&quot;url&quot;:&quot;https://www.continente.pt/dw/image/v2/BDVS_PRD/on/demandware.static/-/Sites-col-master-catalog/default/dw11b2cb1b/images/col/739/7393886-hero.jpg?sw=87&amp;sh=80&quot;,&quot;fallbackimage&quot;:{&quot;url&quot;:&quot;https://www.continente.pt/dw/image/v2/BDVS_PRD/on/demandware.static/Sites-continente-Site/-/default/dw7c42b4da/images/noimagelarge_product.png?sw=87&amp;sh=80&quot;,&quot;title&quot;:&quot;Cereais Estrelitas Mel&quot;,&quot;alt&quot;:&quot;Cereais Estrelitas Mel&quot;},&quot;title&quot;:&quot;Cereais Estrelitas Mel&quot;,&quot;alt&quot;:&quot;Cereais Estrelitas Mel&quot;}"></div>
                        <div class="ct-tile-quantity-update quantity-update product-qty-vue" data-remove-action="https://www.continente.pt/on/demandware.store/Sites-continente-Site/default/Cart-RemoveProductLineItem" data-action="https://www.continente.pt/on/demandware.store/Sites-continente-Site/default/Cart-UpdateQuantity" data-dimension-update="https://www.continente.pt/on/demandware.store/Sites-continente-Site/default/Cart-DimensionUpdate" data-pid="7393886" data-uuid="091cc0287b3408d67146a59a46" data-add-delay="500.0" data-measure-options="{&quot;hasConversionRate&quot;:false,&quot;hasAlternativeSaleUnit&quot;:false,&quot;unitConversionRate&quot;:0,&quot;minOrderQuantity&quot;:1,&quot;stepQuantity&quot;:1,&quot;primaryunit&quot;:&quot;un&quot;,&quot;secondaryunit&quot;:&quot;kg&quot;,&quot;selectedunit&quot;:&quot;primary&quot;,&quot;maxNumberOfUnitsPerSale&quot;:50}" data-price-available="null" :data-has-error="isMaxQtyReached || isMinQtyReached || qtySelectedMoreThanOne">
                        <template v-show="prodUnits">
                        <div class="quantity-input-wrapper has-units">
                        <label class="visually-hidden" :for="'quantity-' + pid + additionalTag">
                        Quantidade no carrinho
                        </label>
                        <input :ref="'quantityInput-' + pid + additionalTag" class="add-to-cart-quantity form-control ct-form-input text-center" inputmode="numeric" :class="{'is-invalid': isInvalid}" :data-pid="pid + additionalTag" :name="'quantity-' + pid + additionalTag" type="text" aria-label="Insira a quantidade" title="" v-model="displayValue" @change="updateQuantity" @focus="updateQtyFormat" @blur="restoreQtyFormat" :disabled="!isPriceAvailable">
                        <span class="quantity-icon quantity-icon--minus">
                        <button class="decrease-quantity-btn" @click="updateQuantity" :disabled="!isPriceAvailable" role="button" aria-label="Reduzir quantidade">
                        <i class="css-math-minus"></i>
                        </button>
                        </span>
                        <span class="quantity-icon quantity-icon--plus">
                        <button class="increase-quantity-btn" @click="updateQuantity" :disabled="isMaxQtyReached || !isPriceAvailable" role="button" aria-label="Aumentar quantidade">
                        <i class="css-math-plus"></i>
                        </button>
                        <span class="quantity-btn-disabled-placeholder"></span>
                        </span>
                        <template v-if="isPDP">
                        <span class="quantity-error ct-span-error text-sm-center product-max-allocation" v-if="isMaxQtyReached">
                        Quantidade máxima atingida
                        </span>
                        <span class="quantity-error ct-span-product text-sm-center product-allocation" v-if="!isMinQtyReached &amp;&amp; !isMaxQtyReached">
                        {{quantitySelected}} no carrinho
                        </span>
                        <span class="quantity-error ct-span-error text-sm-center product-min-allocation" :data-pid="pid" v-if="isMinQtyReached &amp;&amp; !isMaxQtyReached">
                        Quantidade mínima atingida
                        </span>
                        </template>
                        </div>
                        <template v-if="showNotes">
                        <div class="add-note-link-container ">
                        <div class="add-note">
                        <a href="/produto/cereais-estrelitas-mel-estrelitas-7393886.html?showNote=true" class="ct-add-note-redirect-pdp" aria-label="Adicionar comentário">
                        <span class="svg-wrapper svg-icon-notes" style="width:19px; height:20px">
                        <svg class="svg-inline icon-notes" viewBox="0 0 28 30" xmlns="http://www.w3.org/2000/svg" width="100%" height="100%"><path d="M21.738 0C22.985 0 24 1.04 24 2.319V12.47c0 .469-.37.848-.828.848-.457 0-.827-.38-.827-.848V2.32c0-.343-.273-.622-.607-.622H2.262c-.334 0-.607.279-.607.622V27.68c0 .343.273.622.607.622h7.81c.457 0 .827.38.827.849 0 .468-.37.848-.827.848h-7.81C1.015 30 0 28.96 0 27.681V2.32C0 1.04 1.015 0 2.262 0h19.476zm2.844 16.004l.227.007c.823.053 1.589.39 2.176.964.64.627.993 1.46.993 2.349 0 .888-.353 1.722-.993 2.348l-6.83 6.665c-.11.108-.247.186-.397.226l-5.032 1.363c-.078.021-.16.032-.241.032-.242 0-.478-.097-.647-.266-.23-.231-.314-.566-.218-.874l1.49-4.798c.044-.139.122-.266.227-.369l6.844-6.677c.64-.625 1.493-.97 2.401-.97zm-2.886 3.94l-4.922 4.802-.947 3.048 3.22-.872 4.897-4.78-2.248-2.197zm2.887-2.174c-.425 0-.824.162-1.124.455l-.484.472 2.248 2.197.484-.472c.62-.606.62-1.591 0-2.197l-.117-.104c-.283-.227-.636-.35-1.007-.35zm-10.839.022c.498 0 .904.396.904.883 0 .488-.406.884-.904.884H5.946c-.499 0-.904-.396-.904-.884 0-.487.405-.883.904-.883zm5.042-4.876c.498 0 .904.397.904.884s-.406.884-.904.884H5.946c-.499 0-.904-.397-.904-.884s.405-.884.904-.884zm0-4.875c.498 0 .904.396.904.884 0 .487-.406.883-.904.883H5.946c-.499 0-.904-.396-.904-.883 0-.488.405-.884.904-.884z" fill="#EB0203" fill-rule="evenodd"></path></svg>
                        </span>
                        <div class="available-note d-none"></div>
                        </a>
                        </div>
                        </div>
                        </template>
                        <div class="measurement-unit-section" v-if="isPriceAvailable &amp;&amp; prodUnits ? prodUnits.hasAlternativeUnit : false">
                        <div class="ct-form-radio" @click="setDimension">
                        <input type="radio" title="" class="ct-form-check-input product-measurement-unit" :data-type="prodUnits.selectedUnit == prodUnits.secondaryUnit ? 'primary' : ''" :id="prodUnits.secondaryUnit + '-' + pid + '-measurement-unit-ptile' + additionalTag" :name="'measurement-unit-' + pid + '-ptile' + additionalTag" :value="prodUnits.secondaryUnit" v-model="prodUnits.selectedUnit">
                        <label :class="prodUnits.secondaryUnit + '-label ct-form-check-label mb-0'" :for="prodUnits.secondaryUnit + '-' + pid + '-measurement-unit-ptile' + additionalTag">
                        {{prodUnits.secondaryUnit}}
                        </label>
                        <span class="checkmark"></span>
                        </div>
                        <div class="ct-form-radio" @click="setDimension">
                        <input type="radio" title="" class="ct-form-check-input product-measurement-unit" :data-type="prodUnits.selectedUnit == prodUnits.primaryUnit ? 'primary' : ''" :id="prodUnits.primaryUnit + '-' + pid + '-measurement-unit-ptile' + additionalTag" :name="'measurement-unit-' + pid + '-ptile' + additionalTag" :value="prodUnits.primaryUnit" v-model="prodUnits.selectedUnit">
                        <label :class="prodUnits.primaryUnit + '-label ct-form-check-label mb-0'" :for="prodUnits.primaryUnit + '-' + pid + '-measurement-unit-ptile' + additionalTag">
                        {{prodUnits.primaryUnit}}
                        </label>
                        <span class="checkmark"></span>
                        </div>
                        </div>
                        <template v-if="!isPDP &amp;&amp; isPriceAvailable">
                        <span class="quantity-error ct-span-error product-max-allocation" v-if="isMaxQtyReached">
                        Quantidade máxima atingida
                        </span>
                        <span class="quantity-error ct-span-product product-allocation" v-if="!isMinQtyReached &amp;&amp; !isMaxQtyReached">
                        {{quantitySelected}} no carrinho
                        </span>
                        <span class="quantity-error ct-span-error product-min-allocation" :data-pid="pid" v-if="isMinQtyReached &amp;&amp; !isMaxQtyReached">
                        Quantidade mínima atingida
                        </span>
                        </template>
                        </template>
                        </div>
                        <input class="quantity-value-mask d-none" name="quantity" type="number" min="0" value="" tabindex="-1">
                        </div>
                        <button type="button" class="add-to-cart button js-add-to-cart js-add-to-cart-tile 7393886 button--primary dynamic-layout-btn" data-toggle="modal" data-target="#chooseBonusProductModal" data-pid="7393886" data-quantity-value="null" aria-label="Carrinho" tabindex="-1">
                        <span class="d-block d-sm-none">
                        <span class="svg-wrapper svg-icon-cart" style="width:20px; height:20px">
                        <svg class="svg-inline icon-cart" xmlns="http://www.w3.org/2000/svg" viewBox="0 0 500 500" width="100%" height="100%"><path fill="#EB0203" fill-rule="evenodd" d="M 485.67317,94.386311 C 476.37798,83.847129 463.09468,78.03348 448.30404,78.03348 H 90.690813 L 87.079511,51.327997 C 83.185582,22.539551 62.962285,0 41.011841,0 H 14.727836 C 6.563151,0 0,6.5286975 0,14.580758 c 0,8.05206 6.5945535,14.580758 14.727836,14.580758 h 26.284005 c 4.710398,0 14.696435,9.855222 16.894619,26.021523 L 100.01739,368.0631 c 1.88416,13.77244 9.01256,26.70549 20.1605,36.37417 8.25889,7.15046 18.02511,11.9071 28.26237,13.89679 -4.17655,7.58572 -6.53175,16.25957 -6.53175,25.493 0,29.53459 24.27424,53.59751 54.13815,53.59751 29.8325,0 54.13814,-24.03184 54.13814,-53.59751 0,-8.79818 -2.19818,-17.09897 -5.9979,-24.43598 h 77.12488 c -3.79973,7.33701 -5.96652,15.6378 -5.96652,24.43598 0,29.53459 24.27424,53.59751 54.13817,53.59751 29.83249,0 54.13814,-24.03184 54.13814,-53.59751 0,-8.79818 -2.1982,-17.09897 -5.9979,-24.43598 h 38.56243 c 8.13328,0 14.72783,-6.5287 14.72783,-14.61183 0,-8.02098 -6.59455,-14.54967 -14.72783,-14.54967 H 159.24277 c -14.38241,0 -28.13677,-11.90711 -30.02092,-26.02153 l -3.07746,-22.88154 h 290.6314 c 14.03698,0 27.94834,-5.28513 39.06488,-14.95381 11.11652,-9.6376 18.27632,-22.57065 20.16048,-36.37417 l 21.10259,-156.78201 c 1.94694,-14.51858 -2.10398,-28.29103 -11.43057,-38.861299 z M 220.76053,443.82706 c 0,13.49265 -11.08513,24.46709 -24.68247,24.46709 -13.62874,0 -24.71387,-10.97444 -24.71387,-24.46709 0,-13.49262 11.08513,-24.43598 24.71387,-24.43598 13.59734,0 24.68247,10.94336 24.68247,24.43598 z m 173.43675,0 c 0,13.49265 -11.08512,24.46709 -24.68245,24.46709 -13.62876,0 -24.71388,-10.97444 -24.71388,-24.46709 0,-13.49262 11.08512,-24.43598 24.71388,-24.43598 13.59733,0 24.68245,10.94336 24.68245,24.43598 z m 73.7648,-314.46558 -21.13397,156.782 c -1.88416,14.11442 -15.63851,26.05261 -30.02091,26.05261 H 122.25046 L 94.616142,107.19499 H 448.33544 c 6.18632,0 11.61896,2.2695 15.23028,6.37326 3.64269,4.13484 5.21283,9.73086 4.39636,15.79323 z"></path></svg>
                        </span>
                        </span>
                        <span class="add-to-cart--text d-none d-sm-block">Carrinho</span>
                        </button>
                        </div>
                        </div>
                        </div>
                        </div>
                        
                        <div class="col-12 d-sm-none">
                        </div>
                        </div>
                        </div>
                        </div>
                        </div><div class="pd-tile-wrap slick-slide slick-cloned" data-idx="7" style="height: auto; width: 221px;" data-slick-index="16" id="" aria-hidden="true" tabindex="-1">
                        
                        <script type="text/javascript">//<!--
                        /* <![CDATA[ */
                        (function(){
                        try {
                            if(window.CQuotient) {
                                var cq_params = {};
                                cq_params.cookieId = window.CQuotient.getCQCookieId();
                                cq_params.userId = window.CQuotient.getCQUserId();
                                cq_params.emailId = CQuotient.getCQHashedEmail();
                                cq_params.loginId = CQuotient.getCQHashedLogin();
                                cq_params.accumulate = true;
                                cq_params.products = [{
                                    id: '2308516',
                                    sku: '',
                                    type: '',
                                    alt_id: ''
                                }];
                                cq_params.recommenderName = 'FOOD-MERCEARIA';
                                cq_params.realm = "BDVS";
                                cq_params.siteId = "continente";
                                cq_params.instanceType = "prd";
                                cq_params.locale = window.CQuotient.locale;
                                cq_params.slotId = 'col-category-product-recommendations';
                                cq_params.slotConfigId = 'FOOD Recommender Mercearia - Einstein';
                                cq_params.slotConfigTemplate = 'slots\/recommendation\/recommendedProductsCLP.isml';
                                if(window.CQuotient.sendActivity)
                                    window.CQuotient.sendActivity( CQuotient.clientId, 'viewReco', cq_params );
                                else
                                    window.CQuotient.activities.push( {activityType: 'viewReco', parameters: cq_params} );
                            }
                        } catch(err) {}
                        })();
                        /* ]]> */
                        // -->
                        </script>
                        <script type="text/javascript">//<!--
                        /* <![CDATA[ (viewProduct-active_data.js) */
                        dw.ac._capture({id: "2308516", type: "recommendation"});
                        /* ]]> */
                        // -->
                        </script>
                        <div class="product" data-pid="2308516">
                        <div class="product-tile pid-2308516   ct-product-tile " data-delay-time="3000" data-variants-mapping="[]" data-in-cart-msg="no carrinho" data-one-product-added="Adicionado ao carrinho" data-remove-from-cart-msg="Removido do carrinho" data-stay-open="6000.0" data-product-tile-impression="{&quot;name&quot;:&quot;2308516&quot;,&quot;id&quot;:&quot;2308516&quot;,&quot;price&quot;:4.09,&quot;brand&quot;:&quot;Kelloggs&quot;,&quot;category&quot;:[{&quot;category_level_1&quot;:&quot;Mercearia&quot;},{&quot;category_level_2&quot;:&quot;Cereais e Barras&quot;},{&quot;category_level_3&quot;:&quot;Cereais Linha e Fibra&quot;}],&quot;variant&quot;:&quot;&quot;}">
                        <div class="ct-inner-tile-wrap row no-gutters justify-content-center align-content-start">
                        <div class="ct-product-tile-badge ct-product-tile-badge--promotional">
                        <img class="img-fluid lazyloaded" loading="lazy" data-src="https://www.continente.pt/dw/image/v2/BDVS_PRD/on/demandware.static/-/Sites-continente-Library/default/dwf5980f2e/images/badges/pvpr/col/pvpr.png?sw=60&amp;sh=42" alt="PVP Recomendado: €6,35/un" title="PVP Recomendado: €6,35/un" src="https://www.continente.pt/dw/image/v2/BDVS_PRD/on/demandware.static/-/Sites-continente-Library/default/dwf5980f2e/images/badges/pvpr/col/pvpr.png?sw=60&amp;sh=42">
                        <div class="ct-product-tile-badge-value-wrapper ct-product-tile-badge-value-wrapper--pvpr  ">
                        <span class="ct-product-tile-badge-value--pvpr">
                        35
                        </span>
                        <span class="ct-product-tile-badge-value--pvpr-quantifier ">
                        %
                        </span>
                        </div>
                        </div>
                        
                        <div class="ct-image-container col-4 col-sm" data-confirmation-image="{&quot;url&quot;:&quot;https://www.continente.pt/dw/image/v2/BDVS_PRD/on/demandware.static/-/Sites-col-master-catalog/default/dw3a47a1ad/images/col/230/2308516-direito.jpg?sw=87&amp;sh=80&quot;,&quot;fallbackimage&quot;:{&quot;url&quot;:&quot;https://www.continente.pt/dw/image/v2/BDVS_PRD/on/demandware.static/Sites-continente-Site/-/default/dw7c42b4da/images/noimagelarge_product.png?sw=87&amp;sh=80&quot;,&quot;title&quot;:&quot;Cereais Special K&quot;,&quot;alt&quot;:&quot;Cereais Special K&quot;},&quot;title&quot;:&quot;Cereais Special K&quot;,&quot;alt&quot;:&quot;Cereais Special K&quot;}">
                        <a href="https://www.continente.pt/produto/cereais-special-k-kelloggs-2308516.html?cgid=home" tabindex="-1">
                        <picture class="intrinsic intrinsic--square">
                        <img class="ct-tile-image lazyloaded" loading="lazy" onerror="this.onerror=null;this.src='/on/demandware.static/Sites-continente-Site/-/default/dw7c42b4da/images/noimagelarge_product.png';" data-src="https://www.continente.pt/dw/image/v2/BDVS_PRD/on/demandware.static/-/Sites-col-master-catalog/default/dw3a47a1ad/images/col/230/2308516-direito.jpg?sw=280&amp;sh=280" alt="Cereais Special K" title="Cereais Special K" src="https://www.continente.pt/dw/image/v2/BDVS_PRD/on/demandware.static/-/Sites-col-master-catalog/default/dw3a47a1ad/images/col/230/2308516-direito.jpg?sw=280&amp;sh=280">
                        </picture>
                        </a>
                        <div class="color-swatches d-flex" style="margin-left: 5px;">
                        <div class="swatches d-flex">
                        </div>
                        </div>
                        </div>
                        <div class="ct-tile-body col col-sm-auto ">
                        <div class="ct-pdp-details">
                        <div class="ct-pdp-link">
                        <a class="ct-tile--description" href="https://www.continente.pt/produto/cereais-special-k-kelloggs-2308516.html?cgid=home" tabindex="-1">Cereais Special K</a>
                        <div class="ct-tile--favorite-top d-sm-none">
                        <button class="wishlist-toggler guest-mode inactive button button--tertiary" data-pid="2308516" data-add-url="https://www.continente.pt/on/demandware.store/Sites-continente-Site/default/Wishlist-AddProduct?pid=2308516" data-toggle="tooltip" aria-label="Adicionar aos favoritos " data-original-title="Adicionar aos favoritos" data-placement="top" tabindex="-1">
                        <svg class="active-content" width="100%" height="100%" viewBox="0 0 20 22" fill="none" xmlns="http://www.w3.org/2000/svg">
                        <path fill-rule="evenodd" clip-rule="evenodd" d="M0 1.53052C0 0.685236 0.692171 0 1.54601 0H15.0736C15.9274 0 16.6196 0.685235 16.6196 1.53052V13.4064L15.8127 13.922L14.2658 14.2658L12.7189 13.4064L10.6054 14.3818C10.4994 14.2451 10.3327 14.157 10.1452 14.157H6.76329C6.4431 14.157 6.18354 14.414 6.18354 14.731C6.18354 15.0479 6.4431 15.3049 6.76329 15.3049H10.1452C10.2478 15.3049 10.3441 15.2785 10.4277 15.2322L10.3126 16.8439L13.2345 20.2793H1.54601C0.69217 20.2793 0 19.5941 0 18.7488V1.53052ZM6.18354 5.5483C6.18354 5.23132 6.4431 4.97436 6.76329 4.97436H12.3676C12.6878 4.97436 12.9473 5.23132 12.9473 5.5483C12.9473 5.86528 12.6878 6.12224 12.3676 6.12224H6.76329C6.4431 6.12224 6.18354 5.86528 6.18354 5.5483ZM6.76329 11.0961C6.4431 11.0961 6.18354 11.3531 6.18354 11.6701C6.18354 11.987 6.4431 12.244 6.76329 12.244H12.3676C12.6878 12.244 12.9473 11.987 12.9473 11.6701C12.9473 11.3531 12.6878 11.0961 12.3676 11.0961H6.76329ZM6.18354 8.60985C6.18354 8.29287 6.4431 8.03591 6.76329 8.03591H12.3676C12.6878 8.03591 12.9473 8.29287 12.9473 8.60985C12.9473 8.92684 12.6878 9.1838 12.3676 9.1838H6.76329C6.4431 9.1838 6.18354 8.92684 6.18354 8.60985ZM3.67118 5.5483C3.67118 5.23132 3.93075 4.97436 4.25093 4.97436H4.63743C4.95762 4.97436 5.21719 5.23132 5.21719 5.5483C5.21719 5.86528 4.95762 6.12224 4.63743 6.12224H4.25093C3.93075 6.12224 3.67118 5.86528 3.67118 5.5483ZM4.25093 11.0961C3.93075 11.0961 3.67118 11.3531 3.67118 11.6701C3.67118 11.987 3.93075 12.244 4.25093 12.244H4.63743C4.95762 12.244 5.21719 11.987 5.21719 11.6701C5.21719 11.3531 4.95762 11.0961 4.63743 11.0961H4.25093ZM3.67118 8.60985C3.67118 8.29287 3.93075 8.03591 4.25093 8.03591H4.63743C4.95762 8.03591 5.21719 8.29287 5.21719 8.60985C5.21719 8.92684 4.95762 9.1838 4.63743 9.1838H4.25093C3.93075 9.1838 3.67118 8.92684 3.67118 8.60985ZM4.25093 14.157C3.93075 14.157 3.67118 14.414 3.67118 14.731C3.67118 15.0479 3.93075 15.3049 4.25093 15.3049H4.63743C4.95762 15.3049 5.21719 15.0479 5.21719 14.731C5.21719 14.414 4.95762 14.157 4.63743 14.157H4.25093Z" fill="#EB0203"></path>
                        <path fill-rule="evenodd" clip-rule="evenodd" d="M14.6252 13.6363C13.4918 12.6215 11.7817 12.5264 10.6569 13.4792C9.12421 14.7764 9.34841 16.8912 10.4409 18.0122L14.0159 21.6742C14.2197 21.8832 14.4928 22 14.7822 22C15.0737 22 15.3448 21.8852 15.5486 21.6762L19.1236 18.0142C20.214 16.8933 20.4423 14.7785 18.9075 13.4792C17.7827 12.5283 16.0724 12.6217 14.9391 13.6365C14.8855 13.6845 14.8331 13.7345 14.7822 13.7866C14.7313 13.7345 14.6789 13.6843 14.6252 13.6363ZM18.1546 14.3522C19.0973 15.1508 18.9962 16.4896 18.2891 17.2173C18.2888 17.2175 18.2886 17.2177 18.2884 17.218L14.7832 20.8084L11.2753 17.2151C11.2752 17.215 11.2751 17.2149 11.2749 17.2148C10.5677 16.4887 10.4678 15.1495 11.4104 14.3518L11.4108 14.3514C12.0745 13.7892 13.2018 13.82 13.9488 14.5846L14.7822 15.4378L15.6157 14.5846C16.3617 13.8211 17.4896 13.79 18.1545 14.3521" fill="#EB0203"></path>
                        </svg>
                        <svg class="inactive-content" width="100%" height="100%" viewBox="0 0 20 23" fill="none" xmlns="http://www.w3.org/2000/svg">
                        <path fill-rule="evenodd" clip-rule="evenodd" d="M6.18408 5.77914C6.18408 5.46223 6.44363 5.20532 6.7638 5.20532H12.3678C12.6879 5.20532 12.9475 5.46223 12.9475 5.77914C12.9475 6.09606 12.6879 6.35297 12.3678 6.35297H6.7638C6.44363 6.35297 6.18408 6.09606 6.18408 5.77914Z" fill="#EB0203"></path>
                        <path fill-rule="evenodd" clip-rule="evenodd" d="M6.18408 11.9034C6.18408 11.5865 6.44363 11.3296 6.7638 11.3296H12.3678C12.6879 11.3296 12.9475 11.5865 12.9475 11.9034C12.9475 12.2202 12.6879 12.4771 12.3678 12.4771H6.7638C6.44363 12.4771 6.18408 12.2202 6.18408 11.9034Z" fill="#EB0203"></path>
                        <path fill-rule="evenodd" clip-rule="evenodd" d="M6.18408 8.84116C6.18408 8.52424 6.44363 8.26733 6.7638 8.26733H12.3678C12.6879 8.26733 12.9475 8.52424 12.9475 8.84116C12.9475 9.15807 12.6879 9.41498 12.3678 9.41498H6.7638C6.44363 9.41498 6.18408 9.15807 6.18408 8.84116Z" fill="#EB0203"></path>
                        <path fill-rule="evenodd" clip-rule="evenodd" d="M6.18408 14.9655C6.18408 14.6486 6.44363 14.3917 6.7638 14.3917H10.1455C10.4657 14.3917 10.7252 14.6486 10.7252 14.9655C10.7252 15.2825 10.4657 15.5394 10.1455 15.5394H6.7638C6.44363 15.5394 6.18408 15.2825 6.18408 14.9655Z" fill="#EB0203"></path>
                        <path fill-rule="evenodd" clip-rule="evenodd" d="M3.67139 5.77914C3.67139 5.46223 3.93094 5.20532 4.25111 5.20532H4.63759C4.95776 5.20532 5.21731 5.46223 5.21731 5.77914C5.21731 6.09606 4.95776 6.35297 4.63759 6.35297H4.25111C3.93094 6.35297 3.67139 6.09606 3.67139 5.77914Z" fill="#EB0203"></path>
                        <path fill-rule="evenodd" clip-rule="evenodd" d="M3.67139 11.9034C3.67139 11.5865 3.93094 11.3296 4.25111 11.3296H4.63759C4.95776 11.3296 5.21731 11.5865 5.21731 11.9034C5.21731 12.2202 4.95776 12.4771 4.63759 12.4771H4.25111C3.93094 12.4771 3.67139 12.2202 3.67139 11.9034Z" fill="#EB0203"></path>
                        <path fill-rule="evenodd" clip-rule="evenodd" d="M3.67139 8.84116C3.67139 8.52424 3.93094 8.26733 4.25111 8.26733H4.63759C4.95776 8.26733 5.21731 8.52424 5.21731 8.84116C5.21731 9.15807 4.95776 9.41498 4.63759 9.41498H4.25111C3.93094 9.41498 3.67139 9.15807 3.67139 8.84116Z" fill="#EB0203"></path>
                        <path fill-rule="evenodd" clip-rule="evenodd" d="M3.67139 14.9655C3.67139 14.6486 3.93094 14.3917 4.25111 14.3917H4.63759C4.95776 14.3917 5.21731 14.6486 5.21731 14.9655C5.21731 15.2825 4.95776 15.5394 4.63759 15.5394H4.25111C3.93094 15.5394 3.67139 15.2825 3.67139 14.9655Z" fill="#EB0203"></path>
                        <path fill-rule="evenodd" clip-rule="evenodd" d="M0 1.76033C0 0.914738 0.692131 0.229248 1.54592 0.229248H15.0727C15.9265 0.229248 16.6186 0.914738 16.6186 1.76033V11.2818C16.6186 11.5989 16.3591 11.8559 16.0389 11.8559C15.7187 11.8559 15.4592 11.5989 15.4592 11.2818V1.76033C15.4592 1.54893 15.2862 1.37756 15.0727 1.37756H1.54592C1.33247 1.37756 1.15944 1.54893 1.15944 1.76033V18.985C1.15944 19.1964 1.33247 19.3678 1.54592 19.3678H9.27551C9.59568 19.3678 9.85523 19.6249 9.85523 19.942C9.85523 20.2591 9.59568 20.5161 9.27551 20.5161H1.54592C0.692131 20.5161 0 19.8306 0 18.985V1.76033Z" fill="#EB0203"></path>
                        <path fill-rule="evenodd" clip-rule="evenodd" d="M14.6254 13.8718C13.4921 12.8567 11.7821 12.7615 10.6574 13.7147C9.12472 15.0124 9.34891 17.128 10.4413 18.2493L14.0161 21.9126C14.2199 22.1217 14.493 22.2386 14.7824 22.2386C15.0739 22.2386 15.3449 22.1238 15.5487 21.9147L19.1235 18.2514C20.2139 17.13 20.4422 15.0144 18.9075 13.7147C17.7827 12.7634 16.0726 12.8569 14.9392 13.872C14.8856 13.92 14.8333 13.9701 14.7824 14.0222C14.7314 13.97 14.6791 13.9199 14.6254 13.8718ZM18.1546 14.588C19.0972 15.3869 18.9961 16.7262 18.2891 17.4541C18.2888 17.4543 18.2886 17.4546 18.2884 17.4548L14.7834 21.0466L11.2757 17.452C11.2756 17.4519 11.2755 17.4517 11.2753 17.4516C10.5681 16.7252 10.4682 15.3856 11.4108 14.5876L11.4112 14.5872C12.0748 14.0248 13.202 14.0556 13.949 14.8205L14.7824 15.674L15.6158 14.8205C16.3618 14.0567 17.4896 14.0256 18.1545 14.5879" fill="#EB0203"></path>
                        </svg>
                        </button>
                        </div>
                        </div>
                        <p class="ct-tile--brand">Kellogg's</p>
                        <p class="ct-tile--quantity">emb. 750 gr</p>
                        </div>
                        <div class="ct-tile-bottom row no-gutters justify-content-between">
                        <div class="ct-price-wrap col-8 col-sm-12">
                        <div class="price js-product-price">
                        <div class="prices-wrapper">
                        <span class="sales ct-tile--price-primary ">
                        <span class="value" content="4.09">
                        <span class="ct-price-formatted">
                        €4,09
                        </span>
                        <span class="ct-m-unit">
                        /un
                        </span>
                        </span>
                        </span>
                        </div>
                        <div class="ct-tile--price-secondary">
                        <span class="ct-price-value">
                        €5,45
                        </span>
                        <span class="ct-m-unit">
                        /kg
                        </span>
                        </div>
                        <p class="ct-discount-amount ct-discount-amount-pvpr">PVP Recomendado: €6,35/un</p>
                        </div>
                        </div>
                        <div class="ct-tile-buy-section d-flex justify-content-center no-gutters col-auto col-sm-12">
                        <div class="col-2 d-sm-flex d-none">
                        <button class="wishlist-toggler guest-mode inactive button button--tertiary" data-pid="2308516" data-add-url="https://www.continente.pt/on/demandware.store/Sites-continente-Site/default/Wishlist-AddProduct?pid=2308516" data-toggle="tooltip" aria-label="Adicionar aos favoritos " data-original-title="Adicionar aos favoritos" data-placement="top" tabindex="-1">
                        <svg class="active-content" width="100%" height="100%" viewBox="0 0 20 22" fill="none" xmlns="http://www.w3.org/2000/svg">
                        <path fill-rule="evenodd" clip-rule="evenodd" d="M0 1.53052C0 0.685236 0.692171 0 1.54601 0H15.0736C15.9274 0 16.6196 0.685235 16.6196 1.53052V13.4064L15.8127 13.922L14.2658 14.2658L12.7189 13.4064L10.6054 14.3818C10.4994 14.2451 10.3327 14.157 10.1452 14.157H6.76329C6.4431 14.157 6.18354 14.414 6.18354 14.731C6.18354 15.0479 6.4431 15.3049 6.76329 15.3049H10.1452C10.2478 15.3049 10.3441 15.2785 10.4277 15.2322L10.3126 16.8439L13.2345 20.2793H1.54601C0.69217 20.2793 0 19.5941 0 18.7488V1.53052ZM6.18354 5.5483C6.18354 5.23132 6.4431 4.97436 6.76329 4.97436H12.3676C12.6878 4.97436 12.9473 5.23132 12.9473 5.5483C12.9473 5.86528 12.6878 6.12224 12.3676 6.12224H6.76329C6.4431 6.12224 6.18354 5.86528 6.18354 5.5483ZM6.76329 11.0961C6.4431 11.0961 6.18354 11.3531 6.18354 11.6701C6.18354 11.987 6.4431 12.244 6.76329 12.244H12.3676C12.6878 12.244 12.9473 11.987 12.9473 11.6701C12.9473 11.3531 12.6878 11.0961 12.3676 11.0961H6.76329ZM6.18354 8.60985C6.18354 8.29287 6.4431 8.03591 6.76329 8.03591H12.3676C12.6878 8.03591 12.9473 8.29287 12.9473 8.60985C12.9473 8.92684 12.6878 9.1838 12.3676 9.1838H6.76329C6.4431 9.1838 6.18354 8.92684 6.18354 8.60985ZM3.67118 5.5483C3.67118 5.23132 3.93075 4.97436 4.25093 4.97436H4.63743C4.95762 4.97436 5.21719 5.23132 5.21719 5.5483C5.21719 5.86528 4.95762 6.12224 4.63743 6.12224H4.25093C3.93075 6.12224 3.67118 5.86528 3.67118 5.5483ZM4.25093 11.0961C3.93075 11.0961 3.67118 11.3531 3.67118 11.6701C3.67118 11.987 3.93075 12.244 4.25093 12.244H4.63743C4.95762 12.244 5.21719 11.987 5.21719 11.6701C5.21719 11.3531 4.95762 11.0961 4.63743 11.0961H4.25093ZM3.67118 8.60985C3.67118 8.29287 3.93075 8.03591 4.25093 8.03591H4.63743C4.95762 8.03591 5.21719 8.29287 5.21719 8.60985C5.21719 8.92684 4.95762 9.1838 4.63743 9.1838H4.25093C3.93075 9.1838 3.67118 8.92684 3.67118 8.60985ZM4.25093 14.157C3.93075 14.157 3.67118 14.414 3.67118 14.731C3.67118 15.0479 3.93075 15.3049 4.25093 15.3049H4.63743C4.95762 15.3049 5.21719 15.0479 5.21719 14.731C5.21719 14.414 4.95762 14.157 4.63743 14.157H4.25093Z" fill="#EB0203"></path>
                        <path fill-rule="evenodd" clip-rule="evenodd" d="M14.6252 13.6363C13.4918 12.6215 11.7817 12.5264 10.6569 13.4792C9.12421 14.7764 9.34841 16.8912 10.4409 18.0122L14.0159 21.6742C14.2197 21.8832 14.4928 22 14.7822 22C15.0737 22 15.3448 21.8852 15.5486 21.6762L19.1236 18.0142C20.214 16.8933 20.4423 14.7785 18.9075 13.4792C17.7827 12.5283 16.0724 12.6217 14.9391 13.6365C14.8855 13.6845 14.8331 13.7345 14.7822 13.7866C14.7313 13.7345 14.6789 13.6843 14.6252 13.6363ZM18.1546 14.3522C19.0973 15.1508 18.9962 16.4896 18.2891 17.2173C18.2888 17.2175 18.2886 17.2177 18.2884 17.218L14.7832 20.8084L11.2753 17.2151C11.2752 17.215 11.2751 17.2149 11.2749 17.2148C10.5677 16.4887 10.4678 15.1495 11.4104 14.3518L11.4108 14.3514C12.0745 13.7892 13.2018 13.82 13.9488 14.5846L14.7822 15.4378L15.6157 14.5846C16.3617 13.8211 17.4896 13.79 18.1545 14.3521" fill="#EB0203"></path>
                        </svg>
                        <svg class="inactive-content" width="100%" height="100%" viewBox="0 0 20 23" fill="none" xmlns="http://www.w3.org/2000/svg">
                        <path fill-rule="evenodd" clip-rule="evenodd" d="M6.18408 5.77914C6.18408 5.46223 6.44363 5.20532 6.7638 5.20532H12.3678C12.6879 5.20532 12.9475 5.46223 12.9475 5.77914C12.9475 6.09606 12.6879 6.35297 12.3678 6.35297H6.7638C6.44363 6.35297 6.18408 6.09606 6.18408 5.77914Z" fill="#EB0203"></path>
                        <path fill-rule="evenodd" clip-rule="evenodd" d="M6.18408 11.9034C6.18408 11.5865 6.44363 11.3296 6.7638 11.3296H12.3678C12.6879 11.3296 12.9475 11.5865 12.9475 11.9034C12.9475 12.2202 12.6879 12.4771 12.3678 12.4771H6.7638C6.44363 12.4771 6.18408 12.2202 6.18408 11.9034Z" fill="#EB0203"></path>
                        <path fill-rule="evenodd" clip-rule="evenodd" d="M6.18408 8.84116C6.18408 8.52424 6.44363 8.26733 6.7638 8.26733H12.3678C12.6879 8.26733 12.9475 8.52424 12.9475 8.84116C12.9475 9.15807 12.6879 9.41498 12.3678 9.41498H6.7638C6.44363 9.41498 6.18408 9.15807 6.18408 8.84116Z" fill="#EB0203"></path>
                        <path fill-rule="evenodd" clip-rule="evenodd" d="M6.18408 14.9655C6.18408 14.6486 6.44363 14.3917 6.7638 14.3917H10.1455C10.4657 14.3917 10.7252 14.6486 10.7252 14.9655C10.7252 15.2825 10.4657 15.5394 10.1455 15.5394H6.7638C6.44363 15.5394 6.18408 15.2825 6.18408 14.9655Z" fill="#EB0203"></path>
                        <path fill-rule="evenodd" clip-rule="evenodd" d="M3.67139 5.77914C3.67139 5.46223 3.93094 5.20532 4.25111 5.20532H4.63759C4.95776 5.20532 5.21731 5.46223 5.21731 5.77914C5.21731 6.09606 4.95776 6.35297 4.63759 6.35297H4.25111C3.93094 6.35297 3.67139 6.09606 3.67139 5.77914Z" fill="#EB0203"></path>
                        <path fill-rule="evenodd" clip-rule="evenodd" d="M3.67139 11.9034C3.67139 11.5865 3.93094 11.3296 4.25111 11.3296H4.63759C4.95776 11.3296 5.21731 11.5865 5.21731 11.9034C5.21731 12.2202 4.95776 12.4771 4.63759 12.4771H4.25111C3.93094 12.4771 3.67139 12.2202 3.67139 11.9034Z" fill="#EB0203"></path>
                        <path fill-rule="evenodd" clip-rule="evenodd" d="M3.67139 8.84116C3.67139 8.52424 3.93094 8.26733 4.25111 8.26733H4.63759C4.95776 8.26733 5.21731 8.52424 5.21731 8.84116C5.21731 9.15807 4.95776 9.41498 4.63759 9.41498H4.25111C3.93094 9.41498 3.67139 9.15807 3.67139 8.84116Z" fill="#EB0203"></path>
                        <path fill-rule="evenodd" clip-rule="evenodd" d="M3.67139 14.9655C3.67139 14.6486 3.93094 14.3917 4.25111 14.3917H4.63759C4.95776 14.3917 5.21731 14.6486 5.21731 14.9655C5.21731 15.2825 4.95776 15.5394 4.63759 15.5394H4.25111C3.93094 15.5394 3.67139 15.2825 3.67139 14.9655Z" fill="#EB0203"></path>
                        <path fill-rule="evenodd" clip-rule="evenodd" d="M0 1.76033C0 0.914738 0.692131 0.229248 1.54592 0.229248H15.0727C15.9265 0.229248 16.6186 0.914738 16.6186 1.76033V11.2818C16.6186 11.5989 16.3591 11.8559 16.0389 11.8559C15.7187 11.8559 15.4592 11.5989 15.4592 11.2818V1.76033C15.4592 1.54893 15.2862 1.37756 15.0727 1.37756H1.54592C1.33247 1.37756 1.15944 1.54893 1.15944 1.76033V18.985C1.15944 19.1964 1.33247 19.3678 1.54592 19.3678H9.27551C9.59568 19.3678 9.85523 19.6249 9.85523 19.942C9.85523 20.2591 9.59568 20.5161 9.27551 20.5161H1.54592C0.692131 20.5161 0 19.8306 0 18.985V1.76033Z" fill="#EB0203"></path>
                        <path fill-rule="evenodd" clip-rule="evenodd" d="M14.6254 13.8718C13.4921 12.8567 11.7821 12.7615 10.6574 13.7147C9.12472 15.0124 9.34891 17.128 10.4413 18.2493L14.0161 21.9126C14.2199 22.1217 14.493 22.2386 14.7824 22.2386C15.0739 22.2386 15.3449 22.1238 15.5487 21.9147L19.1235 18.2514C20.2139 17.13 20.4422 15.0144 18.9075 13.7147C17.7827 12.7634 16.0726 12.8569 14.9392 13.872C14.8856 13.92 14.8333 13.9701 14.7824 14.0222C14.7314 13.97 14.6791 13.9199 14.6254 13.8718ZM18.1546 14.588C19.0972 15.3869 18.9961 16.7262 18.2891 17.4541C18.2888 17.4543 18.2886 17.4546 18.2884 17.4548L14.7834 21.0466L11.2757 17.452C11.2756 17.4519 11.2755 17.4517 11.2753 17.4516C10.5681 16.7252 10.4682 15.3856 11.4108 14.5876L11.4112 14.5872C12.0748 14.0248 13.202 14.0556 13.949 14.8205L14.7824 15.674L15.6158 14.8205C16.3618 14.0567 17.4896 14.0256 18.1545 14.5879" fill="#EB0203"></path>
                        </svg>
                        </button>
                        </div>
                        <div class="col-sm-10 col-12">
                        <div class="ct-tile-quantity d-none" data-pid="2308516">
                        <input type="hidden" class="add-to-cart-url" value="https://www.continente.pt/on/demandware.store/Sites-continente-Site/default/Cart-AddProduct" tabindex="-1">
                        <div class="d-none tile-delete-confirmation-btn" data-pid="2308516" data-delay-time="3000" data-in-cart-msg="no carrinho" data-one-product-added="Adicionado ao carrinho" data-remove-from-cart-msg="Removido do carrinho" data-stay-open="6000.0" data-confirmation-image="{&quot;url&quot;:&quot;https://www.continente.pt/dw/image/v2/BDVS_PRD/on/demandware.static/-/Sites-col-master-catalog/default/dw3a47a1ad/images/col/230/2308516-direito.jpg?sw=87&amp;sh=80&quot;,&quot;fallbackimage&quot;:{&quot;url&quot;:&quot;https://www.continente.pt/dw/image/v2/BDVS_PRD/on/demandware.static/Sites-continente-Site/-/default/dw7c42b4da/images/noimagelarge_product.png?sw=87&amp;sh=80&quot;,&quot;title&quot;:&quot;Cereais Special K&quot;,&quot;alt&quot;:&quot;Cereais Special K&quot;},&quot;title&quot;:&quot;Cereais Special K&quot;,&quot;alt&quot;:&quot;Cereais Special K&quot;}"></div>
                        <div class="ct-tile-quantity-update quantity-update product-qty-vue" data-remove-action="https://www.continente.pt/on/demandware.store/Sites-continente-Site/default/Cart-RemoveProductLineItem" data-action="https://www.continente.pt/on/demandware.store/Sites-continente-Site/default/Cart-UpdateQuantity" data-dimension-update="https://www.continente.pt/on/demandware.store/Sites-continente-Site/default/Cart-DimensionUpdate" data-pid="2308516" data-uuid="b08fdf781097d0dddb513f60cb" data-add-delay="500.0" data-measure-options="{&quot;hasConversionRate&quot;:false,&quot;hasAlternativeSaleUnit&quot;:false,&quot;unitConversionRate&quot;:0,&quot;minOrderQuantity&quot;:1,&quot;stepQuantity&quot;:1,&quot;primaryunit&quot;:&quot;un&quot;,&quot;secondaryunit&quot;:&quot;kg&quot;,&quot;selectedunit&quot;:&quot;primary&quot;,&quot;maxNumberOfUnitsPerSale&quot;:50}" data-price-available="null" :data-has-error="isMaxQtyReached || isMinQtyReached || qtySelectedMoreThanOne">
                        <template v-show="prodUnits">
                        <div class="quantity-input-wrapper has-units">
                        <label class="visually-hidden" :for="'quantity-' + pid + additionalTag">
                        Quantidade no carrinho
                        </label>
                        <input :ref="'quantityInput-' + pid + additionalTag" class="add-to-cart-quantity form-control ct-form-input text-center" inputmode="numeric" :class="{'is-invalid': isInvalid}" :data-pid="pid + additionalTag" :name="'quantity-' + pid + additionalTag" type="text" aria-label="Insira a quantidade" title="" v-model="displayValue" @change="updateQuantity" @focus="updateQtyFormat" @blur="restoreQtyFormat" :disabled="!isPriceAvailable">
                        <span class="quantity-icon quantity-icon--minus">
                        <button class="decrease-quantity-btn" @click="updateQuantity" :disabled="!isPriceAvailable" role="button" aria-label="Reduzir quantidade">
                        <i class="css-math-minus"></i>
                        </button>
                        </span>
                        <span class="quantity-icon quantity-icon--plus">
                        <button class="increase-quantity-btn" @click="updateQuantity" :disabled="isMaxQtyReached || !isPriceAvailable" role="button" aria-label="Aumentar quantidade">
                        <i class="css-math-plus"></i>
                        </button>
                        <span class="quantity-btn-disabled-placeholder"></span>
                        </span>
                        <template v-if="isPDP">
                        <span class="quantity-error ct-span-error text-sm-center product-max-allocation" v-if="isMaxQtyReached">
                        Quantidade máxima atingida
                        </span>
                        <span class="quantity-error ct-span-product text-sm-center product-allocation" v-if="!isMinQtyReached &amp;&amp; !isMaxQtyReached">
                        {{quantitySelected}} no carrinho
                        </span>
                        <span class="quantity-error ct-span-error text-sm-center product-min-allocation" :data-pid="pid" v-if="isMinQtyReached &amp;&amp; !isMaxQtyReached">
                        Quantidade mínima atingida
                        </span>
                        </template>
                        </div>
                        <template v-if="showNotes">
                        <div class="add-note-link-container ">
                        <div class="add-note">
                        <a href="/produto/cereais-special-k-kelloggs-2308516.html?showNote=true" class="ct-add-note-redirect-pdp" aria-label="Adicionar comentário">
                        <span class="svg-wrapper svg-icon-notes" style="width:19px; height:20px">
                        <svg class="svg-inline icon-notes" viewBox="0 0 28 30" xmlns="http://www.w3.org/2000/svg" width="100%" height="100%"><path d="M21.738 0C22.985 0 24 1.04 24 2.319V12.47c0 .469-.37.848-.828.848-.457 0-.827-.38-.827-.848V2.32c0-.343-.273-.622-.607-.622H2.262c-.334 0-.607.279-.607.622V27.68c0 .343.273.622.607.622h7.81c.457 0 .827.38.827.849 0 .468-.37.848-.827.848h-7.81C1.015 30 0 28.96 0 27.681V2.32C0 1.04 1.015 0 2.262 0h19.476zm2.844 16.004l.227.007c.823.053 1.589.39 2.176.964.64.627.993 1.46.993 2.349 0 .888-.353 1.722-.993 2.348l-6.83 6.665c-.11.108-.247.186-.397.226l-5.032 1.363c-.078.021-.16.032-.241.032-.242 0-.478-.097-.647-.266-.23-.231-.314-.566-.218-.874l1.49-4.798c.044-.139.122-.266.227-.369l6.844-6.677c.64-.625 1.493-.97 2.401-.97zm-2.886 3.94l-4.922 4.802-.947 3.048 3.22-.872 4.897-4.78-2.248-2.197zm2.887-2.174c-.425 0-.824.162-1.124.455l-.484.472 2.248 2.197.484-.472c.62-.606.62-1.591 0-2.197l-.117-.104c-.283-.227-.636-.35-1.007-.35zm-10.839.022c.498 0 .904.396.904.883 0 .488-.406.884-.904.884H5.946c-.499 0-.904-.396-.904-.884 0-.487.405-.883.904-.883zm5.042-4.876c.498 0 .904.397.904.884s-.406.884-.904.884H5.946c-.499 0-.904-.397-.904-.884s.405-.884.904-.884zm0-4.875c.498 0 .904.396.904.884 0 .487-.406.883-.904.883H5.946c-.499 0-.904-.396-.904-.883 0-.488.405-.884.904-.884z" fill="#EB0203" fill-rule="evenodd"></path></svg>
                        </span>
                        <div class="available-note d-none"></div>
                        </a>
                        </div>
                        </div>
                        </template>
                        <div class="measurement-unit-section" v-if="isPriceAvailable &amp;&amp; prodUnits ? prodUnits.hasAlternativeUnit : false">
                        <div class="ct-form-radio" @click="setDimension">
                        <input type="radio" title="" class="ct-form-check-input product-measurement-unit" :data-type="prodUnits.selectedUnit == prodUnits.secondaryUnit ? 'primary' : ''" :id="prodUnits.secondaryUnit + '-' + pid + '-measurement-unit-ptile' + additionalTag" :name="'measurement-unit-' + pid + '-ptile' + additionalTag" :value="prodUnits.secondaryUnit" v-model="prodUnits.selectedUnit">
                        <label :class="prodUnits.secondaryUnit + '-label ct-form-check-label mb-0'" :for="prodUnits.secondaryUnit + '-' + pid + '-measurement-unit-ptile' + additionalTag">
                        {{prodUnits.secondaryUnit}}
                        </label>
                        <span class="checkmark"></span>
                        </div>
                        <div class="ct-form-radio" @click="setDimension">
                        <input type="radio" title="" class="ct-form-check-input product-measurement-unit" :data-type="prodUnits.selectedUnit == prodUnits.primaryUnit ? 'primary' : ''" :id="prodUnits.primaryUnit + '-' + pid + '-measurement-unit-ptile' + additionalTag" :name="'measurement-unit-' + pid + '-ptile' + additionalTag" :value="prodUnits.primaryUnit" v-model="prodUnits.selectedUnit">
                        <label :class="prodUnits.primaryUnit + '-label ct-form-check-label mb-0'" :for="prodUnits.primaryUnit + '-' + pid + '-measurement-unit-ptile' + additionalTag">
                        {{prodUnits.primaryUnit}}
                        </label>
                        <span class="checkmark"></span>
                        </div>
                        </div>
                        <template v-if="!isPDP &amp;&amp; isPriceAvailable">
                        <span class="quantity-error ct-span-error product-max-allocation" v-if="isMaxQtyReached">
                        Quantidade máxima atingida
                        </span>
                        <span class="quantity-error ct-span-product product-allocation" v-if="!isMinQtyReached &amp;&amp; !isMaxQtyReached">
                        {{quantitySelected}} no carrinho
                        </span>
                        <span class="quantity-error ct-span-error product-min-allocation" :data-pid="pid" v-if="isMinQtyReached &amp;&amp; !isMaxQtyReached">
                        Quantidade mínima atingida
                        </span>
                        </template>
                        </template>
                        </div>
                        <input class="quantity-value-mask d-none" name="quantity" type="number" min="0" value="" tabindex="-1">
                        </div>
                        <button type="button" class="add-to-cart button js-add-to-cart js-add-to-cart-tile 2308516 button--primary dynamic-layout-btn" data-toggle="modal" data-target="#chooseBonusProductModal" data-pid="2308516" data-quantity-value="null" aria-label="Carrinho" tabindex="-1">
                        <span class="d-block d-sm-none">
                        <span class="svg-wrapper svg-icon-cart" style="width:20px; height:20px">
                        <svg class="svg-inline icon-cart" xmlns="http://www.w3.org/2000/svg" viewBox="0 0 500 500" width="100%" height="100%"><path fill="#EB0203" fill-rule="evenodd" d="M 485.67317,94.386311 C 476.37798,83.847129 463.09468,78.03348 448.30404,78.03348 H 90.690813 L 87.079511,51.327997 C 83.185582,22.539551 62.962285,0 41.011841,0 H 14.727836 C 6.563151,0 0,6.5286975 0,14.580758 c 0,8.05206 6.5945535,14.580758 14.727836,14.580758 h 26.284005 c 4.710398,0 14.696435,9.855222 16.894619,26.021523 L 100.01739,368.0631 c 1.88416,13.77244 9.01256,26.70549 20.1605,36.37417 8.25889,7.15046 18.02511,11.9071 28.26237,13.89679 -4.17655,7.58572 -6.53175,16.25957 -6.53175,25.493 0,29.53459 24.27424,53.59751 54.13815,53.59751 29.8325,0 54.13814,-24.03184 54.13814,-53.59751 0,-8.79818 -2.19818,-17.09897 -5.9979,-24.43598 h 77.12488 c -3.79973,7.33701 -5.96652,15.6378 -5.96652,24.43598 0,29.53459 24.27424,53.59751 54.13817,53.59751 29.83249,0 54.13814,-24.03184 54.13814,-53.59751 0,-8.79818 -2.1982,-17.09897 -5.9979,-24.43598 h 38.56243 c 8.13328,0 14.72783,-6.5287 14.72783,-14.61183 0,-8.02098 -6.59455,-14.54967 -14.72783,-14.54967 H 159.24277 c -14.38241,0 -28.13677,-11.90711 -30.02092,-26.02153 l -3.07746,-22.88154 h 290.6314 c 14.03698,0 27.94834,-5.28513 39.06488,-14.95381 11.11652,-9.6376 18.27632,-22.57065 20.16048,-36.37417 l 21.10259,-156.78201 c 1.94694,-14.51858 -2.10398,-28.29103 -11.43057,-38.861299 z M 220.76053,443.82706 c 0,13.49265 -11.08513,24.46709 -24.68247,24.46709 -13.62874,0 -24.71387,-10.97444 -24.71387,-24.46709 0,-13.49262 11.08513,-24.43598 24.71387,-24.43598 13.59734,0 24.68247,10.94336 24.68247,24.43598 z m 173.43675,0 c 0,13.49265 -11.08512,24.46709 -24.68245,24.46709 -13.62876,0 -24.71388,-10.97444 -24.71388,-24.46709 0,-13.49262 11.08512,-24.43598 24.71388,-24.43598 13.59733,0 24.68245,10.94336 24.68245,24.43598 z m 73.7648,-314.46558 -21.13397,156.782 c -1.88416,14.11442 -15.63851,26.05261 -30.02091,26.05261 H 122.25046 L 94.616142,107.19499 H 448.33544 c 6.18632,0 11.61896,2.2695 15.23028,6.37326 3.64269,4.13484 5.21283,9.73086 4.39636,15.79323 z"></path></svg>
                        </span>
                        </span>
                        <span class="add-to-cart--text d-none d-sm-block">Carrinho</span>
                        </button>
                        </div>
                        </div>
                        </div>
                        </div>
                        
                        <div class="col-12 d-sm-none">
                        </div>
                        </div>
                        </div>
                        </div>
                        </div><div class="pd-tile-wrap slick-slide slick-cloned" data-idx="8" style="height: auto; width: 221px;" data-slick-index="17" id="" aria-hidden="true" tabindex="-1">
                        
                        <script type="text/javascript">//<!--
                        /* <![CDATA[ */
                        (function(){
                        try {
                            if(window.CQuotient) {
                                var cq_params = {};
                                cq_params.cookieId = window.CQuotient.getCQCookieId();
                                cq_params.userId = window.CQuotient.getCQUserId();
                                cq_params.emailId = CQuotient.getCQHashedEmail();
                                cq_params.loginId = CQuotient.getCQHashedLogin();
                                cq_params.accumulate = true;
                                cq_params.products = [{
                                    id: '5779885',
                                    sku: '',
                                    type: '',
                                    alt_id: ''
                                }];
                                cq_params.recommenderName = 'FOOD-MERCEARIA';
                                cq_params.realm = "BDVS";
                                cq_params.siteId = "continente";
                                cq_params.instanceType = "prd";
                                cq_params.locale = window.CQuotient.locale;
                                cq_params.slotId = 'col-category-product-recommendations';
                                cq_params.slotConfigId = 'FOOD Recommender Mercearia - Einstein';
                                cq_params.slotConfigTemplate = 'slots\/recommendation\/recommendedProductsCLP.isml';
                                if(window.CQuotient.sendActivity)
                                    window.CQuotient.sendActivity( CQuotient.clientId, 'viewReco', cq_params );
                                else
                                    window.CQuotient.activities.push( {activityType: 'viewReco', parameters: cq_params} );
                            }
                        } catch(err) {}
                        })();
                        /* ]]> */
                        // -->
                        </script>
                        <script type="text/javascript">//<!--
                        /* <![CDATA[ (viewProduct-active_data.js) */
                        dw.ac._capture({id: "5779885", type: "recommendation"});
                        /* ]]> */
                        // -->
                        </script>
                        <div class="product" data-pid="5779885">
                        <div class="product-tile pid-5779885   ct-product-tile " data-delay-time="3000" data-variants-mapping="[]" data-in-cart-msg="no carrinho" data-one-product-added="Adicionado ao carrinho" data-remove-from-cart-msg="Removido do carrinho" data-stay-open="6000.0" data-product-tile-impression="{&quot;name&quot;:&quot;5779885&quot;,&quot;id&quot;:&quot;5779885&quot;,&quot;price&quot;:4.29,&quot;brand&quot;:&quot;Nesquik&quot;,&quot;category&quot;:[{&quot;category_level_1&quot;:&quot;Mercearia&quot;},{&quot;category_level_2&quot;:&quot;Café, Chá e Chocolate Solúvel&quot;},{&quot;category_level_3&quot;:&quot;Chocolate Solúvel&quot;}],&quot;variant&quot;:&quot;&quot;}">
                        <div class="ct-inner-tile-wrap row no-gutters justify-content-center align-content-start">
                        <div class="ct-product-tile-badge ct-product-tile-badge--promotional">
                        <img class="img-fluid lazyloaded" loading="lazy" data-src="https://www.continente.pt/dw/image/v2/BDVS_PRD/on/demandware.static/-/Sites-continente-Library/default/dwf5980f2e/images/badges/pvpr/col/pvpr.png?sw=60&amp;sh=42" alt="PVP Recomendado: €6,19/un" title="PVP Recomendado: €6,19/un" src="https://www.continente.pt/dw/image/v2/BDVS_PRD/on/demandware.static/-/Sites-continente-Library/default/dwf5980f2e/images/badges/pvpr/col/pvpr.png?sw=60&amp;sh=42">
                        <div class="ct-product-tile-badge-value-wrapper ct-product-tile-badge-value-wrapper--pvpr  ">
                        <span class="ct-product-tile-badge-value--pvpr">
                        30
                        </span>
                        <span class="ct-product-tile-badge-value--pvpr-quantifier ">
                        %
                        </span>
                        </div>
                        </div>
                        
                        <div class="ct-image-container col-4 col-sm" data-confirmation-image="{&quot;url&quot;:&quot;https://www.continente.pt/dw/image/v2/BDVS_PRD/on/demandware.static/-/Sites-col-master-catalog/default/dw0753b1b4/images/col/577/5779885-hero.jpg?sw=87&amp;sh=80&quot;,&quot;fallbackimage&quot;:{&quot;url&quot;:&quot;https://www.continente.pt/dw/image/v2/BDVS_PRD/on/demandware.static/Sites-continente-Site/-/default/dw7c42b4da/images/noimagelarge_product.png?sw=87&amp;sh=80&quot;,&quot;title&quot;:&quot;Bebida de Chocolate Solúvel&quot;,&quot;alt&quot;:&quot;Bebida de Chocolate Solúvel&quot;},&quot;title&quot;:&quot;Bebida de Chocolate Solúvel&quot;,&quot;alt&quot;:&quot;Bebida de Chocolate Solúvel&quot;}">
                        <a href="https://www.continente.pt/produto/bebida-de-chocolate-soluvel-nesquik-5779885.html?cgid=home" tabindex="-1">
                        <picture class="intrinsic intrinsic--square">
                        <img class="ct-tile-image lazyloaded" loading="lazy" onerror="this.onerror=null;this.src='/on/demandware.static/Sites-continente-Site/-/default/dw7c42b4da/images/noimagelarge_product.png';" data-src="https://www.continente.pt/dw/image/v2/BDVS_PRD/on/demandware.static/-/Sites-col-master-catalog/default/dw0753b1b4/images/col/577/5779885-hero.jpg?sw=280&amp;sh=280" alt="Bebida de Chocolate Solúvel" title="Bebida de Chocolate Solúvel" src="https://www.continente.pt/dw/image/v2/BDVS_PRD/on/demandware.static/-/Sites-col-master-catalog/default/dw0753b1b4/images/col/577/5779885-hero.jpg?sw=280&amp;sh=280">
                        </picture>
                        </a>
                        <div class=" ct-product-tile-badge ct-product-tile-badge--general">
                        <img class="img-fluid ct-tooltip-trigger lazyloaded" loading="lazy" data-src="https://www.continente.pt/dw/image/v2/BDVS_PRD/on/demandware.static/-/Sites-continente-Library/default/dw257a25b4/images/badges/general/col/sem_gluten.png?sw=25&amp;sh=25" alt="Crachá do produto" title="Sem Glúten" data-toggle="tooltip" data-placement="right" src="https://www.continente.pt/dw/image/v2/BDVS_PRD/on/demandware.static/-/Sites-continente-Library/default/dw257a25b4/images/badges/general/col/sem_gluten.png?sw=25&amp;sh=25">
                        </div>
                        <div class="color-swatches d-flex" style="margin-left: 5px;">
                        <div class="swatches d-flex">
                        </div>
                        </div>
                        </div>
                        <div class="ct-tile-body col col-sm-auto ">
                        <div class="ct-pdp-details">
                        <div class="ct-pdp-link">
                        <a class="ct-tile--description" href="https://www.continente.pt/produto/bebida-de-chocolate-soluvel-nesquik-5779885.html?cgid=home" tabindex="-1">Bebida de Chocolate Solúvel</a>
                        <div class="ct-tile--favorite-top d-sm-none">
                        <button class="wishlist-toggler guest-mode inactive button button--tertiary" data-pid="5779885" data-add-url="https://www.continente.pt/on/demandware.store/Sites-continente-Site/default/Wishlist-AddProduct?pid=5779885" data-toggle="tooltip" aria-label="Adicionar aos favoritos " data-original-title="Adicionar aos favoritos" data-placement="top" tabindex="-1">
                        <svg class="active-content" width="100%" height="100%" viewBox="0 0 20 22" fill="none" xmlns="http://www.w3.org/2000/svg">
                        <path fill-rule="evenodd" clip-rule="evenodd" d="M0 1.53052C0 0.685236 0.692171 0 1.54601 0H15.0736C15.9274 0 16.6196 0.685235 16.6196 1.53052V13.4064L15.8127 13.922L14.2658 14.2658L12.7189 13.4064L10.6054 14.3818C10.4994 14.2451 10.3327 14.157 10.1452 14.157H6.76329C6.4431 14.157 6.18354 14.414 6.18354 14.731C6.18354 15.0479 6.4431 15.3049 6.76329 15.3049H10.1452C10.2478 15.3049 10.3441 15.2785 10.4277 15.2322L10.3126 16.8439L13.2345 20.2793H1.54601C0.69217 20.2793 0 19.5941 0 18.7488V1.53052ZM6.18354 5.5483C6.18354 5.23132 6.4431 4.97436 6.76329 4.97436H12.3676C12.6878 4.97436 12.9473 5.23132 12.9473 5.5483C12.9473 5.86528 12.6878 6.12224 12.3676 6.12224H6.76329C6.4431 6.12224 6.18354 5.86528 6.18354 5.5483ZM6.76329 11.0961C6.4431 11.0961 6.18354 11.3531 6.18354 11.6701C6.18354 11.987 6.4431 12.244 6.76329 12.244H12.3676C12.6878 12.244 12.9473 11.987 12.9473 11.6701C12.9473 11.3531 12.6878 11.0961 12.3676 11.0961H6.76329ZM6.18354 8.60985C6.18354 8.29287 6.4431 8.03591 6.76329 8.03591H12.3676C12.6878 8.03591 12.9473 8.29287 12.9473 8.60985C12.9473 8.92684 12.6878 9.1838 12.3676 9.1838H6.76329C6.4431 9.1838 6.18354 8.92684 6.18354 8.60985ZM3.67118 5.5483C3.67118 5.23132 3.93075 4.97436 4.25093 4.97436H4.63743C4.95762 4.97436 5.21719 5.23132 5.21719 5.5483C5.21719 5.86528 4.95762 6.12224 4.63743 6.12224H4.25093C3.93075 6.12224 3.67118 5.86528 3.67118 5.5483ZM4.25093 11.0961C3.93075 11.0961 3.67118 11.3531 3.67118 11.6701C3.67118 11.987 3.93075 12.244 4.25093 12.244H4.63743C4.95762 12.244 5.21719 11.987 5.21719 11.6701C5.21719 11.3531 4.95762 11.0961 4.63743 11.0961H4.25093ZM3.67118 8.60985C3.67118 8.29287 3.93075 8.03591 4.25093 8.03591H4.63743C4.95762 8.03591 5.21719 8.29287 5.21719 8.60985C5.21719 8.92684 4.95762 9.1838 4.63743 9.1838H4.25093C3.93075 9.1838 3.67118 8.92684 3.67118 8.60985ZM4.25093 14.157C3.93075 14.157 3.67118 14.414 3.67118 14.731C3.67118 15.0479 3.93075 15.3049 4.25093 15.3049H4.63743C4.95762 15.3049 5.21719 15.0479 5.21719 14.731C5.21719 14.414 4.95762 14.157 4.63743 14.157H4.25093Z" fill="#EB0203"></path>
                        <path fill-rule="evenodd" clip-rule="evenodd" d="M14.6252 13.6363C13.4918 12.6215 11.7817 12.5264 10.6569 13.4792C9.12421 14.7764 9.34841 16.8912 10.4409 18.0122L14.0159 21.6742C14.2197 21.8832 14.4928 22 14.7822 22C15.0737 22 15.3448 21.8852 15.5486 21.6762L19.1236 18.0142C20.214 16.8933 20.4423 14.7785 18.9075 13.4792C17.7827 12.5283 16.0724 12.6217 14.9391 13.6365C14.8855 13.6845 14.8331 13.7345 14.7822 13.7866C14.7313 13.7345 14.6789 13.6843 14.6252 13.6363ZM18.1546 14.3522C19.0973 15.1508 18.9962 16.4896 18.2891 17.2173C18.2888 17.2175 18.2886 17.2177 18.2884 17.218L14.7832 20.8084L11.2753 17.2151C11.2752 17.215 11.2751 17.2149 11.2749 17.2148C10.5677 16.4887 10.4678 15.1495 11.4104 14.3518L11.4108 14.3514C12.0745 13.7892 13.2018 13.82 13.9488 14.5846L14.7822 15.4378L15.6157 14.5846C16.3617 13.8211 17.4896 13.79 18.1545 14.3521" fill="#EB0203"></path>
                        </svg>
                        <svg class="inactive-content" width="100%" height="100%" viewBox="0 0 20 23" fill="none" xmlns="http://www.w3.org/2000/svg">
                        <path fill-rule="evenodd" clip-rule="evenodd" d="M6.18408 5.77914C6.18408 5.46223 6.44363 5.20532 6.7638 5.20532H12.3678C12.6879 5.20532 12.9475 5.46223 12.9475 5.77914C12.9475 6.09606 12.6879 6.35297 12.3678 6.35297H6.7638C6.44363 6.35297 6.18408 6.09606 6.18408 5.77914Z" fill="#EB0203"></path>
                        <path fill-rule="evenodd" clip-rule="evenodd" d="M6.18408 11.9034C6.18408 11.5865 6.44363 11.3296 6.7638 11.3296H12.3678C12.6879 11.3296 12.9475 11.5865 12.9475 11.9034C12.9475 12.2202 12.6879 12.4771 12.3678 12.4771H6.7638C6.44363 12.4771 6.18408 12.2202 6.18408 11.9034Z" fill="#EB0203"></path>
                        <path fill-rule="evenodd" clip-rule="evenodd" d="M6.18408 8.84116C6.18408 8.52424 6.44363 8.26733 6.7638 8.26733H12.3678C12.6879 8.26733 12.9475 8.52424 12.9475 8.84116C12.9475 9.15807 12.6879 9.41498 12.3678 9.41498H6.7638C6.44363 9.41498 6.18408 9.15807 6.18408 8.84116Z" fill="#EB0203"></path>
                        <path fill-rule="evenodd" clip-rule="evenodd" d="M6.18408 14.9655C6.18408 14.6486 6.44363 14.3917 6.7638 14.3917H10.1455C10.4657 14.3917 10.7252 14.6486 10.7252 14.9655C10.7252 15.2825 10.4657 15.5394 10.1455 15.5394H6.7638C6.44363 15.5394 6.18408 15.2825 6.18408 14.9655Z" fill="#EB0203"></path>
                        <path fill-rule="evenodd" clip-rule="evenodd" d="M3.67139 5.77914C3.67139 5.46223 3.93094 5.20532 4.25111 5.20532H4.63759C4.95776 5.20532 5.21731 5.46223 5.21731 5.77914C5.21731 6.09606 4.95776 6.35297 4.63759 6.35297H4.25111C3.93094 6.35297 3.67139 6.09606 3.67139 5.77914Z" fill="#EB0203"></path>
                        <path fill-rule="evenodd" clip-rule="evenodd" d="M3.67139 11.9034C3.67139 11.5865 3.93094 11.3296 4.25111 11.3296H4.63759C4.95776 11.3296 5.21731 11.5865 5.21731 11.9034C5.21731 12.2202 4.95776 12.4771 4.63759 12.4771H4.25111C3.93094 12.4771 3.67139 12.2202 3.67139 11.9034Z" fill="#EB0203"></path>
                        <path fill-rule="evenodd" clip-rule="evenodd" d="M3.67139 8.84116C3.67139 8.52424 3.93094 8.26733 4.25111 8.26733H4.63759C4.95776 8.26733 5.21731 8.52424 5.21731 8.84116C5.21731 9.15807 4.95776 9.41498 4.63759 9.41498H4.25111C3.93094 9.41498 3.67139 9.15807 3.67139 8.84116Z" fill="#EB0203"></path>
                        <path fill-rule="evenodd" clip-rule="evenodd" d="M3.67139 14.9655C3.67139 14.6486 3.93094 14.3917 4.25111 14.3917H4.63759C4.95776 14.3917 5.21731 14.6486 5.21731 14.9655C5.21731 15.2825 4.95776 15.5394 4.63759 15.5394H4.25111C3.93094 15.5394 3.67139 15.2825 3.67139 14.9655Z" fill="#EB0203"></path>
                        <path fill-rule="evenodd" clip-rule="evenodd" d="M0 1.76033C0 0.914738 0.692131 0.229248 1.54592 0.229248H15.0727C15.9265 0.229248 16.6186 0.914738 16.6186 1.76033V11.2818C16.6186 11.5989 16.3591 11.8559 16.0389 11.8559C15.7187 11.8559 15.4592 11.5989 15.4592 11.2818V1.76033C15.4592 1.54893 15.2862 1.37756 15.0727 1.37756H1.54592C1.33247 1.37756 1.15944 1.54893 1.15944 1.76033V18.985C1.15944 19.1964 1.33247 19.3678 1.54592 19.3678H9.27551C9.59568 19.3678 9.85523 19.6249 9.85523 19.942C9.85523 20.2591 9.59568 20.5161 9.27551 20.5161H1.54592C0.692131 20.5161 0 19.8306 0 18.985V1.76033Z" fill="#EB0203"></path>
                        <path fill-rule="evenodd" clip-rule="evenodd" d="M14.6254 13.8718C13.4921 12.8567 11.7821 12.7615 10.6574 13.7147C9.12472 15.0124 9.34891 17.128 10.4413 18.2493L14.0161 21.9126C14.2199 22.1217 14.493 22.2386 14.7824 22.2386C15.0739 22.2386 15.3449 22.1238 15.5487 21.9147L19.1235 18.2514C20.2139 17.13 20.4422 15.0144 18.9075 13.7147C17.7827 12.7634 16.0726 12.8569 14.9392 13.872C14.8856 13.92 14.8333 13.9701 14.7824 14.0222C14.7314 13.97 14.6791 13.9199 14.6254 13.8718ZM18.1546 14.588C19.0972 15.3869 18.9961 16.7262 18.2891 17.4541C18.2888 17.4543 18.2886 17.4546 18.2884 17.4548L14.7834 21.0466L11.2757 17.452C11.2756 17.4519 11.2755 17.4517 11.2753 17.4516C10.5681 16.7252 10.4682 15.3856 11.4108 14.5876L11.4112 14.5872C12.0748 14.0248 13.202 14.0556 13.949 14.8205L14.7824 15.674L15.6158 14.8205C16.3618 14.0567 17.4896 14.0256 18.1545 14.5879" fill="#EB0203"></path>
                        </svg>
                        </button>
                        </div>
                        </div>
                        <p class="ct-tile--brand">Nesquik</p>
                        <p class="ct-tile--quantity">emb. 1 kg</p>
                        </div>
                        <div class="ct-tile-bottom row no-gutters justify-content-between">
                        <div class="ct-price-wrap col-8 col-sm-12">
                        <div class="price js-product-price">
                        <div class="prices-wrapper">
                        <span class="sales ct-tile--price-primary ">
                        <span class="value" content="4.29">
                        <span class="ct-price-formatted">
                        €4,29
                        </span>
                        <span class="ct-m-unit">
                        /un
                        </span>
                        </span>
                        </span>
                        </div>
                        <div class="ct-tile--price-secondary">
                        <span class="ct-price-value">
                        €4,29
                        </span>
                        <span class="ct-m-unit">
                        /kg
                        </span>
                        </div>
                        <p class="ct-discount-amount ct-discount-amount-pvpr">PVP Recomendado: €6,19/un</p>
                        </div>
                        </div>
                        <div class="ct-tile-buy-section d-flex justify-content-center no-gutters col-auto col-sm-12">
                        <div class="col-2 d-sm-flex d-none">
                        <button class="wishlist-toggler guest-mode inactive button button--tertiary" data-pid="5779885" data-add-url="https://www.continente.pt/on/demandware.store/Sites-continente-Site/default/Wishlist-AddProduct?pid=5779885" data-toggle="tooltip" aria-label="Adicionar aos favoritos " data-original-title="Adicionar aos favoritos" data-placement="top" tabindex="-1">
                        <svg class="active-content" width="100%" height="100%" viewBox="0 0 20 22" fill="none" xmlns="http://www.w3.org/2000/svg">
                        <path fill-rule="evenodd" clip-rule="evenodd" d="M0 1.53052C0 0.685236 0.692171 0 1.54601 0H15.0736C15.9274 0 16.6196 0.685235 16.6196 1.53052V13.4064L15.8127 13.922L14.2658 14.2658L12.7189 13.4064L10.6054 14.3818C10.4994 14.2451 10.3327 14.157 10.1452 14.157H6.76329C6.4431 14.157 6.18354 14.414 6.18354 14.731C6.18354 15.0479 6.4431 15.3049 6.76329 15.3049H10.1452C10.2478 15.3049 10.3441 15.2785 10.4277 15.2322L10.3126 16.8439L13.2345 20.2793H1.54601C0.69217 20.2793 0 19.5941 0 18.7488V1.53052ZM6.18354 5.5483C6.18354 5.23132 6.4431 4.97436 6.76329 4.97436H12.3676C12.6878 4.97436 12.9473 5.23132 12.9473 5.5483C12.9473 5.86528 12.6878 6.12224 12.3676 6.12224H6.76329C6.4431 6.12224 6.18354 5.86528 6.18354 5.5483ZM6.76329 11.0961C6.4431 11.0961 6.18354 11.3531 6.18354 11.6701C6.18354 11.987 6.4431 12.244 6.76329 12.244H12.3676C12.6878 12.244 12.9473 11.987 12.9473 11.6701C12.9473 11.3531 12.6878 11.0961 12.3676 11.0961H6.76329ZM6.18354 8.60985C6.18354 8.29287 6.4431 8.03591 6.76329 8.03591H12.3676C12.6878 8.03591 12.9473 8.29287 12.9473 8.60985C12.9473 8.92684 12.6878 9.1838 12.3676 9.1838H6.76329C6.4431 9.1838 6.18354 8.92684 6.18354 8.60985ZM3.67118 5.5483C3.67118 5.23132 3.93075 4.97436 4.25093 4.97436H4.63743C4.95762 4.97436 5.21719 5.23132 5.21719 5.5483C5.21719 5.86528 4.95762 6.12224 4.63743 6.12224H4.25093C3.93075 6.12224 3.67118 5.86528 3.67118 5.5483ZM4.25093 11.0961C3.93075 11.0961 3.67118 11.3531 3.67118 11.6701C3.67118 11.987 3.93075 12.244 4.25093 12.244H4.63743C4.95762 12.244 5.21719 11.987 5.21719 11.6701C5.21719 11.3531 4.95762 11.0961 4.63743 11.0961H4.25093ZM3.67118 8.60985C3.67118 8.29287 3.93075 8.03591 4.25093 8.03591H4.63743C4.95762 8.03591 5.21719 8.29287 5.21719 8.60985C5.21719 8.92684 4.95762 9.1838 4.63743 9.1838H4.25093C3.93075 9.1838 3.67118 8.92684 3.67118 8.60985ZM4.25093 14.157C3.93075 14.157 3.67118 14.414 3.67118 14.731C3.67118 15.0479 3.93075 15.3049 4.25093 15.3049H4.63743C4.95762 15.3049 5.21719 15.0479 5.21719 14.731C5.21719 14.414 4.95762 14.157 4.63743 14.157H4.25093Z" fill="#EB0203"></path>
                        <path fill-rule="evenodd" clip-rule="evenodd" d="M14.6252 13.6363C13.4918 12.6215 11.7817 12.5264 10.6569 13.4792C9.12421 14.7764 9.34841 16.8912 10.4409 18.0122L14.0159 21.6742C14.2197 21.8832 14.4928 22 14.7822 22C15.0737 22 15.3448 21.8852 15.5486 21.6762L19.1236 18.0142C20.214 16.8933 20.4423 14.7785 18.9075 13.4792C17.7827 12.5283 16.0724 12.6217 14.9391 13.6365C14.8855 13.6845 14.8331 13.7345 14.7822 13.7866C14.7313 13.7345 14.6789 13.6843 14.6252 13.6363ZM18.1546 14.3522C19.0973 15.1508 18.9962 16.4896 18.2891 17.2173C18.2888 17.2175 18.2886 17.2177 18.2884 17.218L14.7832 20.8084L11.2753 17.2151C11.2752 17.215 11.2751 17.2149 11.2749 17.2148C10.5677 16.4887 10.4678 15.1495 11.4104 14.3518L11.4108 14.3514C12.0745 13.7892 13.2018 13.82 13.9488 14.5846L14.7822 15.4378L15.6157 14.5846C16.3617 13.8211 17.4896 13.79 18.1545 14.3521" fill="#EB0203"></path>
                        </svg>
                        <svg class="inactive-content" width="100%" height="100%" viewBox="0 0 20 23" fill="none" xmlns="http://www.w3.org/2000/svg">
                        <path fill-rule="evenodd" clip-rule="evenodd" d="M6.18408 5.77914C6.18408 5.46223 6.44363 5.20532 6.7638 5.20532H12.3678C12.6879 5.20532 12.9475 5.46223 12.9475 5.77914C12.9475 6.09606 12.6879 6.35297 12.3678 6.35297H6.7638C6.44363 6.35297 6.18408 6.09606 6.18408 5.77914Z" fill="#EB0203"></path>
                        <path fill-rule="evenodd" clip-rule="evenodd" d="M6.18408 11.9034C6.18408 11.5865 6.44363 11.3296 6.7638 11.3296H12.3678C12.6879 11.3296 12.9475 11.5865 12.9475 11.9034C12.9475 12.2202 12.6879 12.4771 12.3678 12.4771H6.7638C6.44363 12.4771 6.18408 12.2202 6.18408 11.9034Z" fill="#EB0203"></path>
                        <path fill-rule="evenodd" clip-rule="evenodd" d="M6.18408 8.84116C6.18408 8.52424 6.44363 8.26733 6.7638 8.26733H12.3678C12.6879 8.26733 12.9475 8.52424 12.9475 8.84116C12.9475 9.15807 12.6879 9.41498 12.3678 9.41498H6.7638C6.44363 9.41498 6.18408 9.15807 6.18408 8.84116Z" fill="#EB0203"></path>
                        <path fill-rule="evenodd" clip-rule="evenodd" d="M6.18408 14.9655C6.18408 14.6486 6.44363 14.3917 6.7638 14.3917H10.1455C10.4657 14.3917 10.7252 14.6486 10.7252 14.9655C10.7252 15.2825 10.4657 15.5394 10.1455 15.5394H6.7638C6.44363 15.5394 6.18408 15.2825 6.18408 14.9655Z" fill="#EB0203"></path>
                        <path fill-rule="evenodd" clip-rule="evenodd" d="M3.67139 5.77914C3.67139 5.46223 3.93094 5.20532 4.25111 5.20532H4.63759C4.95776 5.20532 5.21731 5.46223 5.21731 5.77914C5.21731 6.09606 4.95776 6.35297 4.63759 6.35297H4.25111C3.93094 6.35297 3.67139 6.09606 3.67139 5.77914Z" fill="#EB0203"></path>
                        <path fill-rule="evenodd" clip-rule="evenodd" d="M3.67139 11.9034C3.67139 11.5865 3.93094 11.3296 4.25111 11.3296H4.63759C4.95776 11.3296 5.21731 11.5865 5.21731 11.9034C5.21731 12.2202 4.95776 12.4771 4.63759 12.4771H4.25111C3.93094 12.4771 3.67139 12.2202 3.67139 11.9034Z" fill="#EB0203"></path>
                        <path fill-rule="evenodd" clip-rule="evenodd" d="M3.67139 8.84116C3.67139 8.52424 3.93094 8.26733 4.25111 8.26733H4.63759C4.95776 8.26733 5.21731 8.52424 5.21731 8.84116C5.21731 9.15807 4.95776 9.41498 4.63759 9.41498H4.25111C3.93094 9.41498 3.67139 9.15807 3.67139 8.84116Z" fill="#EB0203"></path>
                        <path fill-rule="evenodd" clip-rule="evenodd" d="M3.67139 14.9655C3.67139 14.6486 3.93094 14.3917 4.25111 14.3917H4.63759C4.95776 14.3917 5.21731 14.6486 5.21731 14.9655C5.21731 15.2825 4.95776 15.5394 4.63759 15.5394H4.25111C3.93094 15.5394 3.67139 15.2825 3.67139 14.9655Z" fill="#EB0203"></path>
                        <path fill-rule="evenodd" clip-rule="evenodd" d="M0 1.76033C0 0.914738 0.692131 0.229248 1.54592 0.229248H15.0727C15.9265 0.229248 16.6186 0.914738 16.6186 1.76033V11.2818C16.6186 11.5989 16.3591 11.8559 16.0389 11.8559C15.7187 11.8559 15.4592 11.5989 15.4592 11.2818V1.76033C15.4592 1.54893 15.2862 1.37756 15.0727 1.37756H1.54592C1.33247 1.37756 1.15944 1.54893 1.15944 1.76033V18.985C1.15944 19.1964 1.33247 19.3678 1.54592 19.3678H9.27551C9.59568 19.3678 9.85523 19.6249 9.85523 19.942C9.85523 20.2591 9.59568 20.5161 9.27551 20.5161H1.54592C0.692131 20.5161 0 19.8306 0 18.985V1.76033Z" fill="#EB0203"></path>
                        <path fill-rule="evenodd" clip-rule="evenodd" d="M14.6254 13.8718C13.4921 12.8567 11.7821 12.7615 10.6574 13.7147C9.12472 15.0124 9.34891 17.128 10.4413 18.2493L14.0161 21.9126C14.2199 22.1217 14.493 22.2386 14.7824 22.2386C15.0739 22.2386 15.3449 22.1238 15.5487 21.9147L19.1235 18.2514C20.2139 17.13 20.4422 15.0144 18.9075 13.7147C17.7827 12.7634 16.0726 12.8569 14.9392 13.872C14.8856 13.92 14.8333 13.9701 14.7824 14.0222C14.7314 13.97 14.6791 13.9199 14.6254 13.8718ZM18.1546 14.588C19.0972 15.3869 18.9961 16.7262 18.2891 17.4541C18.2888 17.4543 18.2886 17.4546 18.2884 17.4548L14.7834 21.0466L11.2757 17.452C11.2756 17.4519 11.2755 17.4517 11.2753 17.4516C10.5681 16.7252 10.4682 15.3856 11.4108 14.5876L11.4112 14.5872C12.0748 14.0248 13.202 14.0556 13.949 14.8205L14.7824 15.674L15.6158 14.8205C16.3618 14.0567 17.4896 14.0256 18.1545 14.5879" fill="#EB0203"></path>
                        </svg>
                        </button>
                        </div>
                        <div class="col-sm-10 col-12">
                        <div class="ct-tile-quantity d-none" data-pid="5779885">
                        <input type="hidden" class="add-to-cart-url" value="https://www.continente.pt/on/demandware.store/Sites-continente-Site/default/Cart-AddProduct" tabindex="-1">
                        <div class="d-none tile-delete-confirmation-btn" data-pid="5779885" data-delay-time="3000" data-in-cart-msg="no carrinho" data-one-product-added="Adicionado ao carrinho" data-remove-from-cart-msg="Removido do carrinho" data-stay-open="6000.0" data-confirmation-image="{&quot;url&quot;:&quot;https://www.continente.pt/dw/image/v2/BDVS_PRD/on/demandware.static/-/Sites-col-master-catalog/default/dw0753b1b4/images/col/577/5779885-hero.jpg?sw=87&amp;sh=80&quot;,&quot;fallbackimage&quot;:{&quot;url&quot;:&quot;https://www.continente.pt/dw/image/v2/BDVS_PRD/on/demandware.static/Sites-continente-Site/-/default/dw7c42b4da/images/noimagelarge_product.png?sw=87&amp;sh=80&quot;,&quot;title&quot;:&quot;Bebida de Chocolate Solúvel&quot;,&quot;alt&quot;:&quot;Bebida de Chocolate Solúvel&quot;},&quot;title&quot;:&quot;Bebida de Chocolate Solúvel&quot;,&quot;alt&quot;:&quot;Bebida de Chocolate Solúvel&quot;}"></div>
                        <div class="ct-tile-quantity-update quantity-update product-qty-vue" data-remove-action="https://www.continente.pt/on/demandware.store/Sites-continente-Site/default/Cart-RemoveProductLineItem" data-action="https://www.continente.pt/on/demandware.store/Sites-continente-Site/default/Cart-UpdateQuantity" data-dimension-update="https://www.continente.pt/on/demandware.store/Sites-continente-Site/default/Cart-DimensionUpdate" data-pid="5779885" data-uuid="c36c41d4b8d3f624dfda26a49a" data-add-delay="500.0" data-measure-options="{&quot;hasConversionRate&quot;:false,&quot;hasAlternativeSaleUnit&quot;:false,&quot;unitConversionRate&quot;:0,&quot;minOrderQuantity&quot;:1,&quot;stepQuantity&quot;:1,&quot;primaryunit&quot;:&quot;un&quot;,&quot;secondaryunit&quot;:&quot;kg&quot;,&quot;selectedunit&quot;:&quot;primary&quot;,&quot;maxNumberOfUnitsPerSale&quot;:50}" data-price-available="null" :data-has-error="isMaxQtyReached || isMinQtyReached || qtySelectedMoreThanOne">
                        <template v-show="prodUnits">
                        <div class="quantity-input-wrapper has-units">
                        <label class="visually-hidden" :for="'quantity-' + pid + additionalTag">
                        Quantidade no carrinho
                        </label>
                        <input :ref="'quantityInput-' + pid + additionalTag" class="add-to-cart-quantity form-control ct-form-input text-center" inputmode="numeric" :class="{'is-invalid': isInvalid}" :data-pid="pid + additionalTag" :name="'quantity-' + pid + additionalTag" type="text" aria-label="Insira a quantidade" title="" v-model="displayValue" @change="updateQuantity" @focus="updateQtyFormat" @blur="restoreQtyFormat" :disabled="!isPriceAvailable">
                        <span class="quantity-icon quantity-icon--minus">
                        <button class="decrease-quantity-btn" @click="updateQuantity" :disabled="!isPriceAvailable" role="button" aria-label="Reduzir quantidade">
                        <i class="css-math-minus"></i>
                        </button>
                        </span>
                        <span class="quantity-icon quantity-icon--plus">
                        <button class="increase-quantity-btn" @click="updateQuantity" :disabled="isMaxQtyReached || !isPriceAvailable" role="button" aria-label="Aumentar quantidade">
                        <i class="css-math-plus"></i>
                        </button>
                        <span class="quantity-btn-disabled-placeholder"></span>
                        </span>
                        <template v-if="isPDP">
                        <span class="quantity-error ct-span-error text-sm-center product-max-allocation" v-if="isMaxQtyReached">
                        Quantidade máxima atingida
                        </span>
                        <span class="quantity-error ct-span-product text-sm-center product-allocation" v-if="!isMinQtyReached &amp;&amp; !isMaxQtyReached">
                        {{quantitySelected}} no carrinho
                        </span>
                        <span class="quantity-error ct-span-error text-sm-center product-min-allocation" :data-pid="pid" v-if="isMinQtyReached &amp;&amp; !isMaxQtyReached">
                        Quantidade mínima atingida
                        </span>
                        </template>
                        </div>
                        <template v-if="showNotes">
                        <div class="add-note-link-container ">
                        <div class="add-note">
                        <a href="/produto/bebida-de-chocolate-soluvel-nesquik-5779885.html?showNote=true" class="ct-add-note-redirect-pdp" aria-label="Adicionar comentário">
                        <span class="svg-wrapper svg-icon-notes" style="width:19px; height:20px">
                        <svg class="svg-inline icon-notes" viewBox="0 0 28 30" xmlns="http://www.w3.org/2000/svg" width="100%" height="100%"><path d="M21.738 0C22.985 0 24 1.04 24 2.319V12.47c0 .469-.37.848-.828.848-.457 0-.827-.38-.827-.848V2.32c0-.343-.273-.622-.607-.622H2.262c-.334 0-.607.279-.607.622V27.68c0 .343.273.622.607.622h7.81c.457 0 .827.38.827.849 0 .468-.37.848-.827.848h-7.81C1.015 30 0 28.96 0 27.681V2.32C0 1.04 1.015 0 2.262 0h19.476zm2.844 16.004l.227.007c.823.053 1.589.39 2.176.964.64.627.993 1.46.993 2.349 0 .888-.353 1.722-.993 2.348l-6.83 6.665c-.11.108-.247.186-.397.226l-5.032 1.363c-.078.021-.16.032-.241.032-.242 0-.478-.097-.647-.266-.23-.231-.314-.566-.218-.874l1.49-4.798c.044-.139.122-.266.227-.369l6.844-6.677c.64-.625 1.493-.97 2.401-.97zm-2.886 3.94l-4.922 4.802-.947 3.048 3.22-.872 4.897-4.78-2.248-2.197zm2.887-2.174c-.425 0-.824.162-1.124.455l-.484.472 2.248 2.197.484-.472c.62-.606.62-1.591 0-2.197l-.117-.104c-.283-.227-.636-.35-1.007-.35zm-10.839.022c.498 0 .904.396.904.883 0 .488-.406.884-.904.884H5.946c-.499 0-.904-.396-.904-.884 0-.487.405-.883.904-.883zm5.042-4.876c.498 0 .904.397.904.884s-.406.884-.904.884H5.946c-.499 0-.904-.397-.904-.884s.405-.884.904-.884zm0-4.875c.498 0 .904.396.904.884 0 .487-.406.883-.904.883H5.946c-.499 0-.904-.396-.904-.883 0-.488.405-.884.904-.884z" fill="#EB0203" fill-rule="evenodd"></path></svg>
                        </span>
                        <div class="available-note d-none"></div>
                        </a>
                        </div>
                        </div>
                        </template>
                        <div class="measurement-unit-section" v-if="isPriceAvailable &amp;&amp; prodUnits ? prodUnits.hasAlternativeUnit : false">
                        <div class="ct-form-radio" @click="setDimension">
                        <input type="radio" title="" class="ct-form-check-input product-measurement-unit" :data-type="prodUnits.selectedUnit == prodUnits.secondaryUnit ? 'primary' : ''" :id="prodUnits.secondaryUnit + '-' + pid + '-measurement-unit-ptile' + additionalTag" :name="'measurement-unit-' + pid + '-ptile' + additionalTag" :value="prodUnits.secondaryUnit" v-model="prodUnits.selectedUnit">
                        <label :class="prodUnits.secondaryUnit + '-label ct-form-check-label mb-0'" :for="prodUnits.secondaryUnit + '-' + pid + '-measurement-unit-ptile' + additionalTag">
                        {{prodUnits.secondaryUnit}}
                        </label>
                        <span class="checkmark"></span>
                        </div>
                        <div class="ct-form-radio" @click="setDimension">
                        <input type="radio" title="" class="ct-form-check-input product-measurement-unit" :data-type="prodUnits.selectedUnit == prodUnits.primaryUnit ? 'primary' : ''" :id="prodUnits.primaryUnit + '-' + pid + '-measurement-unit-ptile' + additionalTag" :name="'measurement-unit-' + pid + '-ptile' + additionalTag" :value="prodUnits.primaryUnit" v-model="prodUnits.selectedUnit">
                        <label :class="prodUnits.primaryUnit + '-label ct-form-check-label mb-0'" :for="prodUnits.primaryUnit + '-' + pid + '-measurement-unit-ptile' + additionalTag">
                        {{prodUnits.primaryUnit}}
                        </label>
                        <span class="checkmark"></span>
                        </div>
                        </div>
                        <template v-if="!isPDP &amp;&amp; isPriceAvailable">
                        <span class="quantity-error ct-span-error product-max-allocation" v-if="isMaxQtyReached">
                        Quantidade máxima atingida
                        </span>
                        <span class="quantity-error ct-span-product product-allocation" v-if="!isMinQtyReached &amp;&amp; !isMaxQtyReached">
                        {{quantitySelected}} no carrinho
                        </span>
                        <span class="quantity-error ct-span-error product-min-allocation" :data-pid="pid" v-if="isMinQtyReached &amp;&amp; !isMaxQtyReached">
                        Quantidade mínima atingida
                        </span>
                        </template>
                        </template>
                        </div>
                        <input class="quantity-value-mask d-none" name="quantity" type="number" min="0" value="" tabindex="-1">
                        </div>
                        <button type="button" class="add-to-cart button js-add-to-cart js-add-to-cart-tile 5779885 button--primary dynamic-layout-btn" data-toggle="modal" data-target="#chooseBonusProductModal" data-pid="5779885" data-quantity-value="null" aria-label="Carrinho" tabindex="-1">
                        <span class="d-block d-sm-none">
                        <span class="svg-wrapper svg-icon-cart" style="width:20px; height:20px">
                        <svg class="svg-inline icon-cart" xmlns="http://www.w3.org/2000/svg" viewBox="0 0 500 500" width="100%" height="100%"><path fill="#EB0203" fill-rule="evenodd" d="M 485.67317,94.386311 C 476.37798,83.847129 463.09468,78.03348 448.30404,78.03348 H 90.690813 L 87.079511,51.327997 C 83.185582,22.539551 62.962285,0 41.011841,0 H 14.727836 C 6.563151,0 0,6.5286975 0,14.580758 c 0,8.05206 6.5945535,14.580758 14.727836,14.580758 h 26.284005 c 4.710398,0 14.696435,9.855222 16.894619,26.021523 L 100.01739,368.0631 c 1.88416,13.77244 9.01256,26.70549 20.1605,36.37417 8.25889,7.15046 18.02511,11.9071 28.26237,13.89679 -4.17655,7.58572 -6.53175,16.25957 -6.53175,25.493 0,29.53459 24.27424,53.59751 54.13815,53.59751 29.8325,0 54.13814,-24.03184 54.13814,-53.59751 0,-8.79818 -2.19818,-17.09897 -5.9979,-24.43598 h 77.12488 c -3.79973,7.33701 -5.96652,15.6378 -5.96652,24.43598 0,29.53459 24.27424,53.59751 54.13817,53.59751 29.83249,0 54.13814,-24.03184 54.13814,-53.59751 0,-8.79818 -2.1982,-17.09897 -5.9979,-24.43598 h 38.56243 c 8.13328,0 14.72783,-6.5287 14.72783,-14.61183 0,-8.02098 -6.59455,-14.54967 -14.72783,-14.54967 H 159.24277 c -14.38241,0 -28.13677,-11.90711 -30.02092,-26.02153 l -3.07746,-22.88154 h 290.6314 c 14.03698,0 27.94834,-5.28513 39.06488,-14.95381 11.11652,-9.6376 18.27632,-22.57065 20.16048,-36.37417 l 21.10259,-156.78201 c 1.94694,-14.51858 -2.10398,-28.29103 -11.43057,-38.861299 z M 220.76053,443.82706 c 0,13.49265 -11.08513,24.46709 -24.68247,24.46709 -13.62874,0 -24.71387,-10.97444 -24.71387,-24.46709 0,-13.49262 11.08513,-24.43598 24.71387,-24.43598 13.59734,0 24.68247,10.94336 24.68247,24.43598 z m 173.43675,0 c 0,13.49265 -11.08512,24.46709 -24.68245,24.46709 -13.62876,0 -24.71388,-10.97444 -24.71388,-24.46709 0,-13.49262 11.08512,-24.43598 24.71388,-24.43598 13.59733,0 24.68245,10.94336 24.68245,24.43598 z m 73.7648,-314.46558 -21.13397,156.782 c -1.88416,14.11442 -15.63851,26.05261 -30.02091,26.05261 H 122.25046 L 94.616142,107.19499 H 448.33544 c 6.18632,0 11.61896,2.2695 15.23028,6.37326 3.64269,4.13484 5.21283,9.73086 4.39636,15.79323 z"></path></svg>
                        </span>
                        </span>
                        <span class="add-to-cart--text d-none d-sm-block">Carrinho</span>
                        </button>
                        </div>
                        </div>
                        </div>
                        </div>
                        
                        <div class="col-12 d-sm-none">
                        </div>
                        </div>
                        </div>
                        </div>
                        </div><div class="pd-tile-wrap slick-slide slick-cloned" data-idx="9" style="height: auto; width: 221px;" data-slick-index="18" id="" aria-hidden="true" tabindex="-1">
                        
                        <script type="text/javascript">//<!--
                        /* <![CDATA[ */
                        (function(){
                        try {
                            if(window.CQuotient) {
                                var cq_params = {};
                                cq_params.cookieId = window.CQuotient.getCQCookieId();
                                cq_params.userId = window.CQuotient.getCQUserId();
                                cq_params.emailId = CQuotient.getCQHashedEmail();
                                cq_params.loginId = CQuotient.getCQHashedLogin();
                                cq_params.accumulate = true;
                                cq_params.products = [{
                                    id: '7457865',
                                    sku: '',
                                    type: '',
                                    alt_id: ''
                                }];
                                cq_params.recommenderName = 'FOOD-MERCEARIA';
                                cq_params.realm = "BDVS";
                                cq_params.siteId = "continente";
                                cq_params.instanceType = "prd";
                                cq_params.locale = window.CQuotient.locale;
                                cq_params.slotId = 'col-category-product-recommendations';
                                cq_params.slotConfigId = 'FOOD Recommender Mercearia - Einstein';
                                cq_params.slotConfigTemplate = 'slots\/recommendation\/recommendedProductsCLP.isml';
                                if(window.CQuotient.sendActivity)
                                    window.CQuotient.sendActivity( CQuotient.clientId, 'viewReco', cq_params );
                                else
                                    window.CQuotient.activities.push( {activityType: 'viewReco', parameters: cq_params} );
                            }
                        } catch(err) {}
                        })();
                        /* ]]> */
                        // -->
                        </script>
                        <script type="text/javascript">//<!--
                        /* <![CDATA[ (viewProduct-active_data.js) */
                        dw.ac._capture({id: "7457865", type: "recommendation"});
                        /* ]]> */
                        // -->
                        </script>
                        <div class="product" data-pid="7457865">
                        <div class="product-tile pid-7457865   ct-product-tile " data-delay-time="3000" data-variants-mapping="[]" data-in-cart-msg="no carrinho" data-one-product-added="Adicionado ao carrinho" data-remove-from-cart-msg="Removido do carrinho" data-stay-open="6000.0" data-product-tile-impression="{&quot;name&quot;:&quot;7457865&quot;,&quot;id&quot;:&quot;7457865&quot;,&quot;price&quot;:1.86,&quot;brand&quot;:&quot;Vidal&quot;,&quot;category&quot;:[{&quot;category_level_1&quot;:&quot;Mercearia&quot;},{&quot;category_level_2&quot;:&quot;Chocolate, Gomas e Rebuçados&quot;},{&quot;category_level_3&quot;:&quot;Gomas, Pastilhas e Rebuçados&quot;}],&quot;variant&quot;:&quot;&quot;}">
                        <div class="ct-inner-tile-wrap row no-gutters justify-content-center align-content-start">
                        <div class="ct-product-tile-badge ct-product-tile-badge--promotional">
                        <img class="img-fluid lazyloaded" loading="lazy" data-src="https://www.continente.pt/dw/image/v2/BDVS_PRD/on/demandware.static/-/Sites-continente-Library/default/dwf5980f2e/images/badges/pvpr/col/pvpr.png?sw=60&amp;sh=42" alt="PVP Recomendado: €2,49/un" title="PVP Recomendado: €2,49/un" src="https://www.continente.pt/dw/image/v2/BDVS_PRD/on/demandware.static/-/Sites-continente-Library/default/dwf5980f2e/images/badges/pvpr/col/pvpr.png?sw=60&amp;sh=42">
                        <div class="ct-product-tile-badge-value-wrapper ct-product-tile-badge-value-wrapper--pvpr  ">
                        <span class="ct-product-tile-badge-value--pvpr">
                        25
                        </span>
                        <span class="ct-product-tile-badge-value--pvpr-quantifier ">
                        %
                        </span>
                        </div>
                        </div>
                        
                        <div class="ct-image-container col-4 col-sm" data-confirmation-image="{&quot;url&quot;:&quot;https://www.continente.pt/dw/image/v2/BDVS_PRD/on/demandware.static/-/Sites-col-master-catalog/default/dw478e3406/images/col/745/7457865-frente.jpg?sw=87&amp;sh=80&quot;,&quot;fallbackimage&quot;:{&quot;url&quot;:&quot;https://www.continente.pt/dw/image/v2/BDVS_PRD/on/demandware.static/Sites-continente-Site/-/default/dw7c42b4da/images/noimagelarge_product.png?sw=87&amp;sh=80&quot;,&quot;title&quot;:&quot;Gomas Monster Mix&quot;,&quot;alt&quot;:&quot;Gomas Monster Mix&quot;},&quot;title&quot;:&quot;Gomas Monster Mix&quot;,&quot;alt&quot;:&quot;Gomas Monster Mix&quot;}">
                        <a href="https://www.continente.pt/produto/gomas-monster-mix-vidal-7457865.html?cgid=home" tabindex="-1">
                        <picture class="intrinsic intrinsic--square">
                        <img class="ct-tile-image lazyloaded" loading="lazy" onerror="this.onerror=null;this.src='/on/demandware.static/Sites-continente-Site/-/default/dw7c42b4da/images/noimagelarge_product.png';" data-src="https://www.continente.pt/dw/image/v2/BDVS_PRD/on/demandware.static/-/Sites-col-master-catalog/default/dw478e3406/images/col/745/7457865-frente.jpg?sw=280&amp;sh=280" alt="Gomas Monster Mix" title="Gomas Monster Mix" src="https://www.continente.pt/dw/image/v2/BDVS_PRD/on/demandware.static/-/Sites-col-master-catalog/default/dw478e3406/images/col/745/7457865-frente.jpg?sw=280&amp;sh=280">
                        </picture>
                        </a>
                        <div class="color-swatches d-flex" style="margin-left: 5px;">
                        <div class="swatches d-flex">
                        </div>
                        </div>
                        </div>
                        <div class="ct-tile-body col col-sm-auto ">
                        <div class="ct-pdp-details">
                        <div class="ct-pdp-link">
                        <a class="ct-tile--description" href="https://www.continente.pt/produto/gomas-monster-mix-vidal-7457865.html?cgid=home" tabindex="-1">Gomas Monster Mix</a>
                        <div class="ct-tile--favorite-top d-sm-none">
                        <button class="wishlist-toggler guest-mode inactive button button--tertiary" data-pid="7457865" data-add-url="https://www.continente.pt/on/demandware.store/Sites-continente-Site/default/Wishlist-AddProduct?pid=7457865" data-toggle="tooltip" aria-label="Adicionar aos favoritos " data-original-title="Adicionar aos favoritos" data-placement="top" tabindex="-1">
                        <svg class="active-content" width="100%" height="100%" viewBox="0 0 20 22" fill="none" xmlns="http://www.w3.org/2000/svg">
                        <path fill-rule="evenodd" clip-rule="evenodd" d="M0 1.53052C0 0.685236 0.692171 0 1.54601 0H15.0736C15.9274 0 16.6196 0.685235 16.6196 1.53052V13.4064L15.8127 13.922L14.2658 14.2658L12.7189 13.4064L10.6054 14.3818C10.4994 14.2451 10.3327 14.157 10.1452 14.157H6.76329C6.4431 14.157 6.18354 14.414 6.18354 14.731C6.18354 15.0479 6.4431 15.3049 6.76329 15.3049H10.1452C10.2478 15.3049 10.3441 15.2785 10.4277 15.2322L10.3126 16.8439L13.2345 20.2793H1.54601C0.69217 20.2793 0 19.5941 0 18.7488V1.53052ZM6.18354 5.5483C6.18354 5.23132 6.4431 4.97436 6.76329 4.97436H12.3676C12.6878 4.97436 12.9473 5.23132 12.9473 5.5483C12.9473 5.86528 12.6878 6.12224 12.3676 6.12224H6.76329C6.4431 6.12224 6.18354 5.86528 6.18354 5.5483ZM6.76329 11.0961C6.4431 11.0961 6.18354 11.3531 6.18354 11.6701C6.18354 11.987 6.4431 12.244 6.76329 12.244H12.3676C12.6878 12.244 12.9473 11.987 12.9473 11.6701C12.9473 11.3531 12.6878 11.0961 12.3676 11.0961H6.76329ZM6.18354 8.60985C6.18354 8.29287 6.4431 8.03591 6.76329 8.03591H12.3676C12.6878 8.03591 12.9473 8.29287 12.9473 8.60985C12.9473 8.92684 12.6878 9.1838 12.3676 9.1838H6.76329C6.4431 9.1838 6.18354 8.92684 6.18354 8.60985ZM3.67118 5.5483C3.67118 5.23132 3.93075 4.97436 4.25093 4.97436H4.63743C4.95762 4.97436 5.21719 5.23132 5.21719 5.5483C5.21719 5.86528 4.95762 6.12224 4.63743 6.12224H4.25093C3.93075 6.12224 3.67118 5.86528 3.67118 5.5483ZM4.25093 11.0961C3.93075 11.0961 3.67118 11.3531 3.67118 11.6701C3.67118 11.987 3.93075 12.244 4.25093 12.244H4.63743C4.95762 12.244 5.21719 11.987 5.21719 11.6701C5.21719 11.3531 4.95762 11.0961 4.63743 11.0961H4.25093ZM3.67118 8.60985C3.67118 8.29287 3.93075 8.03591 4.25093 8.03591H4.63743C4.95762 8.03591 5.21719 8.29287 5.21719 8.60985C5.21719 8.92684 4.95762 9.1838 4.63743 9.1838H4.25093C3.93075 9.1838 3.67118 8.92684 3.67118 8.60985ZM4.25093 14.157C3.93075 14.157 3.67118 14.414 3.67118 14.731C3.67118 15.0479 3.93075 15.3049 4.25093 15.3049H4.63743C4.95762 15.3049 5.21719 15.0479 5.21719 14.731C5.21719 14.414 4.95762 14.157 4.63743 14.157H4.25093Z" fill="#EB0203"></path>
                        <path fill-rule="evenodd" clip-rule="evenodd" d="M14.6252 13.6363C13.4918 12.6215 11.7817 12.5264 10.6569 13.4792C9.12421 14.7764 9.34841 16.8912 10.4409 18.0122L14.0159 21.6742C14.2197 21.8832 14.4928 22 14.7822 22C15.0737 22 15.3448 21.8852 15.5486 21.6762L19.1236 18.0142C20.214 16.8933 20.4423 14.7785 18.9075 13.4792C17.7827 12.5283 16.0724 12.6217 14.9391 13.6365C14.8855 13.6845 14.8331 13.7345 14.7822 13.7866C14.7313 13.7345 14.6789 13.6843 14.6252 13.6363ZM18.1546 14.3522C19.0973 15.1508 18.9962 16.4896 18.2891 17.2173C18.2888 17.2175 18.2886 17.2177 18.2884 17.218L14.7832 20.8084L11.2753 17.2151C11.2752 17.215 11.2751 17.2149 11.2749 17.2148C10.5677 16.4887 10.4678 15.1495 11.4104 14.3518L11.4108 14.3514C12.0745 13.7892 13.2018 13.82 13.9488 14.5846L14.7822 15.4378L15.6157 14.5846C16.3617 13.8211 17.4896 13.79 18.1545 14.3521" fill="#EB0203"></path>
                        </svg>
                        <svg class="inactive-content" width="100%" height="100%" viewBox="0 0 20 23" fill="none" xmlns="http://www.w3.org/2000/svg">
                        <path fill-rule="evenodd" clip-rule="evenodd" d="M6.18408 5.77914C6.18408 5.46223 6.44363 5.20532 6.7638 5.20532H12.3678C12.6879 5.20532 12.9475 5.46223 12.9475 5.77914C12.9475 6.09606 12.6879 6.35297 12.3678 6.35297H6.7638C6.44363 6.35297 6.18408 6.09606 6.18408 5.77914Z" fill="#EB0203"></path>
                        <path fill-rule="evenodd" clip-rule="evenodd" d="M6.18408 11.9034C6.18408 11.5865 6.44363 11.3296 6.7638 11.3296H12.3678C12.6879 11.3296 12.9475 11.5865 12.9475 11.9034C12.9475 12.2202 12.6879 12.4771 12.3678 12.4771H6.7638C6.44363 12.4771 6.18408 12.2202 6.18408 11.9034Z" fill="#EB0203"></path>
                        <path fill-rule="evenodd" clip-rule="evenodd" d="M6.18408 8.84116C6.18408 8.52424 6.44363 8.26733 6.7638 8.26733H12.3678C12.6879 8.26733 12.9475 8.52424 12.9475 8.84116C12.9475 9.15807 12.6879 9.41498 12.3678 9.41498H6.7638C6.44363 9.41498 6.18408 9.15807 6.18408 8.84116Z" fill="#EB0203"></path>
                        <path fill-rule="evenodd" clip-rule="evenodd" d="M6.18408 14.9655C6.18408 14.6486 6.44363 14.3917 6.7638 14.3917H10.1455C10.4657 14.3917 10.7252 14.6486 10.7252 14.9655C10.7252 15.2825 10.4657 15.5394 10.1455 15.5394H6.7638C6.44363 15.5394 6.18408 15.2825 6.18408 14.9655Z" fill="#EB0203"></path>
                        <path fill-rule="evenodd" clip-rule="evenodd" d="M3.67139 5.77914C3.67139 5.46223 3.93094 5.20532 4.25111 5.20532H4.63759C4.95776 5.20532 5.21731 5.46223 5.21731 5.77914C5.21731 6.09606 4.95776 6.35297 4.63759 6.35297H4.25111C3.93094 6.35297 3.67139 6.09606 3.67139 5.77914Z" fill="#EB0203"></path>
                        <path fill-rule="evenodd" clip-rule="evenodd" d="M3.67139 11.9034C3.67139 11.5865 3.93094 11.3296 4.25111 11.3296H4.63759C4.95776 11.3296 5.21731 11.5865 5.21731 11.9034C5.21731 12.2202 4.95776 12.4771 4.63759 12.4771H4.25111C3.93094 12.4771 3.67139 12.2202 3.67139 11.9034Z" fill="#EB0203"></path>
                        <path fill-rule="evenodd" clip-rule="evenodd" d="M3.67139 8.84116C3.67139 8.52424 3.93094 8.26733 4.25111 8.26733H4.63759C4.95776 8.26733 5.21731 8.52424 5.21731 8.84116C5.21731 9.15807 4.95776 9.41498 4.63759 9.41498H4.25111C3.93094 9.41498 3.67139 9.15807 3.67139 8.84116Z" fill="#EB0203"></path>
                        <path fill-rule="evenodd" clip-rule="evenodd" d="M3.67139 14.9655C3.67139 14.6486 3.93094 14.3917 4.25111 14.3917H4.63759C4.95776 14.3917 5.21731 14.6486 5.21731 14.9655C5.21731 15.2825 4.95776 15.5394 4.63759 15.5394H4.25111C3.93094 15.5394 3.67139 15.2825 3.67139 14.9655Z" fill="#EB0203"></path>
                        <path fill-rule="evenodd" clip-rule="evenodd" d="M0 1.76033C0 0.914738 0.692131 0.229248 1.54592 0.229248H15.0727C15.9265 0.229248 16.6186 0.914738 16.6186 1.76033V11.2818C16.6186 11.5989 16.3591 11.8559 16.0389 11.8559C15.7187 11.8559 15.4592 11.5989 15.4592 11.2818V1.76033C15.4592 1.54893 15.2862 1.37756 15.0727 1.37756H1.54592C1.33247 1.37756 1.15944 1.54893 1.15944 1.76033V18.985C1.15944 19.1964 1.33247 19.3678 1.54592 19.3678H9.27551C9.59568 19.3678 9.85523 19.6249 9.85523 19.942C9.85523 20.2591 9.59568 20.5161 9.27551 20.5161H1.54592C0.692131 20.5161 0 19.8306 0 18.985V1.76033Z" fill="#EB0203"></path>
                        <path fill-rule="evenodd" clip-rule="evenodd" d="M14.6254 13.8718C13.4921 12.8567 11.7821 12.7615 10.6574 13.7147C9.12472 15.0124 9.34891 17.128 10.4413 18.2493L14.0161 21.9126C14.2199 22.1217 14.493 22.2386 14.7824 22.2386C15.0739 22.2386 15.3449 22.1238 15.5487 21.9147L19.1235 18.2514C20.2139 17.13 20.4422 15.0144 18.9075 13.7147C17.7827 12.7634 16.0726 12.8569 14.9392 13.872C14.8856 13.92 14.8333 13.9701 14.7824 14.0222C14.7314 13.97 14.6791 13.9199 14.6254 13.8718ZM18.1546 14.588C19.0972 15.3869 18.9961 16.7262 18.2891 17.4541C18.2888 17.4543 18.2886 17.4546 18.2884 17.4548L14.7834 21.0466L11.2757 17.452C11.2756 17.4519 11.2755 17.4517 11.2753 17.4516C10.5681 16.7252 10.4682 15.3856 11.4108 14.5876L11.4112 14.5872C12.0748 14.0248 13.202 14.0556 13.949 14.8205L14.7824 15.674L15.6158 14.8205C16.3618 14.0567 17.4896 14.0256 18.1545 14.5879" fill="#EB0203"></path>
                        </svg>
                        </button>
                        </div>
                        </div>
                        <p class="ct-tile--brand">Vidal</p>
                        <p class="ct-tile--quantity">emb. 180 gr</p>
                        </div>
                        <div class="ct-tile-bottom row no-gutters justify-content-between">
                        <div class="ct-price-wrap col-8 col-sm-12">
                        <div class="price js-product-price">
                        <div class="prices-wrapper">
                        <span class="sales ct-tile--price-primary ">
                        <span class="value" content="1.86">
                        <span class="ct-price-formatted">
                        €1,86
                        </span>
                        <span class="ct-m-unit">
                        /un
                        </span>
                        </span>
                        </span>
                        </div>
                        <div class="ct-tile--price-secondary">
                        <span class="ct-price-value">
                        €10,33
                        </span>
                        <span class="ct-m-unit">
                        /kg
                        </span>
                        </div>
                        <p class="ct-discount-amount ct-discount-amount-pvpr">PVP Recomendado: €2,49/un</p>
                        </div>
                        </div>
                        <div class="ct-tile-buy-section d-flex justify-content-center no-gutters col-auto col-sm-12">
                        <div class="col-2 d-sm-flex d-none">
                        <button class="wishlist-toggler guest-mode inactive button button--tertiary" data-pid="7457865" data-add-url="https://www.continente.pt/on/demandware.store/Sites-continente-Site/default/Wishlist-AddProduct?pid=7457865" data-toggle="tooltip" aria-label="Adicionar aos favoritos " data-original-title="Adicionar aos favoritos" data-placement="top" tabindex="-1">
                        <svg class="active-content" width="100%" height="100%" viewBox="0 0 20 22" fill="none" xmlns="http://www.w3.org/2000/svg">
                        <path fill-rule="evenodd" clip-rule="evenodd" d="M0 1.53052C0 0.685236 0.692171 0 1.54601 0H15.0736C15.9274 0 16.6196 0.685235 16.6196 1.53052V13.4064L15.8127 13.922L14.2658 14.2658L12.7189 13.4064L10.6054 14.3818C10.4994 14.2451 10.3327 14.157 10.1452 14.157H6.76329C6.4431 14.157 6.18354 14.414 6.18354 14.731C6.18354 15.0479 6.4431 15.3049 6.76329 15.3049H10.1452C10.2478 15.3049 10.3441 15.2785 10.4277 15.2322L10.3126 16.8439L13.2345 20.2793H1.54601C0.69217 20.2793 0 19.5941 0 18.7488V1.53052ZM6.18354 5.5483C6.18354 5.23132 6.4431 4.97436 6.76329 4.97436H12.3676C12.6878 4.97436 12.9473 5.23132 12.9473 5.5483C12.9473 5.86528 12.6878 6.12224 12.3676 6.12224H6.76329C6.4431 6.12224 6.18354 5.86528 6.18354 5.5483ZM6.76329 11.0961C6.4431 11.0961 6.18354 11.3531 6.18354 11.6701C6.18354 11.987 6.4431 12.244 6.76329 12.244H12.3676C12.6878 12.244 12.9473 11.987 12.9473 11.6701C12.9473 11.3531 12.6878 11.0961 12.3676 11.0961H6.76329ZM6.18354 8.60985C6.18354 8.29287 6.4431 8.03591 6.76329 8.03591H12.3676C12.6878 8.03591 12.9473 8.29287 12.9473 8.60985C12.9473 8.92684 12.6878 9.1838 12.3676 9.1838H6.76329C6.4431 9.1838 6.18354 8.92684 6.18354 8.60985ZM3.67118 5.5483C3.67118 5.23132 3.93075 4.97436 4.25093 4.97436H4.63743C4.95762 4.97436 5.21719 5.23132 5.21719 5.5483C5.21719 5.86528 4.95762 6.12224 4.63743 6.12224H4.25093C3.93075 6.12224 3.67118 5.86528 3.67118 5.5483ZM4.25093 11.0961C3.93075 11.0961 3.67118 11.3531 3.67118 11.6701C3.67118 11.987 3.93075 12.244 4.25093 12.244H4.63743C4.95762 12.244 5.21719 11.987 5.21719 11.6701C5.21719 11.3531 4.95762 11.0961 4.63743 11.0961H4.25093ZM3.67118 8.60985C3.67118 8.29287 3.93075 8.03591 4.25093 8.03591H4.63743C4.95762 8.03591 5.21719 8.29287 5.21719 8.60985C5.21719 8.92684 4.95762 9.1838 4.63743 9.1838H4.25093C3.93075 9.1838 3.67118 8.92684 3.67118 8.60985ZM4.25093 14.157C3.93075 14.157 3.67118 14.414 3.67118 14.731C3.67118 15.0479 3.93075 15.3049 4.25093 15.3049H4.63743C4.95762 15.3049 5.21719 15.0479 5.21719 14.731C5.21719 14.414 4.95762 14.157 4.63743 14.157H4.25093Z" fill="#EB0203"></path>
                        <path fill-rule="evenodd" clip-rule="evenodd" d="M14.6252 13.6363C13.4918 12.6215 11.7817 12.5264 10.6569 13.4792C9.12421 14.7764 9.34841 16.8912 10.4409 18.0122L14.0159 21.6742C14.2197 21.8832 14.4928 22 14.7822 22C15.0737 22 15.3448 21.8852 15.5486 21.6762L19.1236 18.0142C20.214 16.8933 20.4423 14.7785 18.9075 13.4792C17.7827 12.5283 16.0724 12.6217 14.9391 13.6365C14.8855 13.6845 14.8331 13.7345 14.7822 13.7866C14.7313 13.7345 14.6789 13.6843 14.6252 13.6363ZM18.1546 14.3522C19.0973 15.1508 18.9962 16.4896 18.2891 17.2173C18.2888 17.2175 18.2886 17.2177 18.2884 17.218L14.7832 20.8084L11.2753 17.2151C11.2752 17.215 11.2751 17.2149 11.2749 17.2148C10.5677 16.4887 10.4678 15.1495 11.4104 14.3518L11.4108 14.3514C12.0745 13.7892 13.2018 13.82 13.9488 14.5846L14.7822 15.4378L15.6157 14.5846C16.3617 13.8211 17.4896 13.79 18.1545 14.3521" fill="#EB0203"></path>
                        </svg>
                        <svg class="inactive-content" width="100%" height="100%" viewBox="0 0 20 23" fill="none" xmlns="http://www.w3.org/2000/svg">
                        <path fill-rule="evenodd" clip-rule="evenodd" d="M6.18408 5.77914C6.18408 5.46223 6.44363 5.20532 6.7638 5.20532H12.3678C12.6879 5.20532 12.9475 5.46223 12.9475 5.77914C12.9475 6.09606 12.6879 6.35297 12.3678 6.35297H6.7638C6.44363 6.35297 6.18408 6.09606 6.18408 5.77914Z" fill="#EB0203"></path>
                        <path fill-rule="evenodd" clip-rule="evenodd" d="M6.18408 11.9034C6.18408 11.5865 6.44363 11.3296 6.7638 11.3296H12.3678C12.6879 11.3296 12.9475 11.5865 12.9475 11.9034C12.9475 12.2202 12.6879 12.4771 12.3678 12.4771H6.7638C6.44363 12.4771 6.18408 12.2202 6.18408 11.9034Z" fill="#EB0203"></path>
                        <path fill-rule="evenodd" clip-rule="evenodd" d="M6.18408 8.84116C6.18408 8.52424 6.44363 8.26733 6.7638 8.26733H12.3678C12.6879 8.26733 12.9475 8.52424 12.9475 8.84116C12.9475 9.15807 12.6879 9.41498 12.3678 9.41498H6.7638C6.44363 9.41498 6.18408 9.15807 6.18408 8.84116Z" fill="#EB0203"></path>
                        <path fill-rule="evenodd" clip-rule="evenodd" d="M6.18408 14.9655C6.18408 14.6486 6.44363 14.3917 6.7638 14.3917H10.1455C10.4657 14.3917 10.7252 14.6486 10.7252 14.9655C10.7252 15.2825 10.4657 15.5394 10.1455 15.5394H6.7638C6.44363 15.5394 6.18408 15.2825 6.18408 14.9655Z" fill="#EB0203"></path>
                        <path fill-rule="evenodd" clip-rule="evenodd" d="M3.67139 5.77914C3.67139 5.46223 3.93094 5.20532 4.25111 5.20532H4.63759C4.95776 5.20532 5.21731 5.46223 5.21731 5.77914C5.21731 6.09606 4.95776 6.35297 4.63759 6.35297H4.25111C3.93094 6.35297 3.67139 6.09606 3.67139 5.77914Z" fill="#EB0203"></path>
                        <path fill-rule="evenodd" clip-rule="evenodd" d="M3.67139 11.9034C3.67139 11.5865 3.93094 11.3296 4.25111 11.3296H4.63759C4.95776 11.3296 5.21731 11.5865 5.21731 11.9034C5.21731 12.2202 4.95776 12.4771 4.63759 12.4771H4.25111C3.93094 12.4771 3.67139 12.2202 3.67139 11.9034Z" fill="#EB0203"></path>
                        <path fill-rule="evenodd" clip-rule="evenodd" d="M3.67139 8.84116C3.67139 8.52424 3.93094 8.26733 4.25111 8.26733H4.63759C4.95776 8.26733 5.21731 8.52424 5.21731 8.84116C5.21731 9.15807 4.95776 9.41498 4.63759 9.41498H4.25111C3.93094 9.41498 3.67139 9.15807 3.67139 8.84116Z" fill="#EB0203"></path>
                        <path fill-rule="evenodd" clip-rule="evenodd" d="M3.67139 14.9655C3.67139 14.6486 3.93094 14.3917 4.25111 14.3917H4.63759C4.95776 14.3917 5.21731 14.6486 5.21731 14.9655C5.21731 15.2825 4.95776 15.5394 4.63759 15.5394H4.25111C3.93094 15.5394 3.67139 15.2825 3.67139 14.9655Z" fill="#EB0203"></path>
                        <path fill-rule="evenodd" clip-rule="evenodd" d="M0 1.76033C0 0.914738 0.692131 0.229248 1.54592 0.229248H15.0727C15.9265 0.229248 16.6186 0.914738 16.6186 1.76033V11.2818C16.6186 11.5989 16.3591 11.8559 16.0389 11.8559C15.7187 11.8559 15.4592 11.5989 15.4592 11.2818V1.76033C15.4592 1.54893 15.2862 1.37756 15.0727 1.37756H1.54592C1.33247 1.37756 1.15944 1.54893 1.15944 1.76033V18.985C1.15944 19.1964 1.33247 19.3678 1.54592 19.3678H9.27551C9.59568 19.3678 9.85523 19.6249 9.85523 19.942C9.85523 20.2591 9.59568 20.5161 9.27551 20.5161H1.54592C0.692131 20.5161 0 19.8306 0 18.985V1.76033Z" fill="#EB0203"></path>
                        <path fill-rule="evenodd" clip-rule="evenodd" d="M14.6254 13.8718C13.4921 12.8567 11.7821 12.7615 10.6574 13.7147C9.12472 15.0124 9.34891 17.128 10.4413 18.2493L14.0161 21.9126C14.2199 22.1217 14.493 22.2386 14.7824 22.2386C15.0739 22.2386 15.3449 22.1238 15.5487 21.9147L19.1235 18.2514C20.2139 17.13 20.4422 15.0144 18.9075 13.7147C17.7827 12.7634 16.0726 12.8569 14.9392 13.872C14.8856 13.92 14.8333 13.9701 14.7824 14.0222C14.7314 13.97 14.6791 13.9199 14.6254 13.8718ZM18.1546 14.588C19.0972 15.3869 18.9961 16.7262 18.2891 17.4541C18.2888 17.4543 18.2886 17.4546 18.2884 17.4548L14.7834 21.0466L11.2757 17.452C11.2756 17.4519 11.2755 17.4517 11.2753 17.4516C10.5681 16.7252 10.4682 15.3856 11.4108 14.5876L11.4112 14.5872C12.0748 14.0248 13.202 14.0556 13.949 14.8205L14.7824 15.674L15.6158 14.8205C16.3618 14.0567 17.4896 14.0256 18.1545 14.5879" fill="#EB0203"></path>
                        </svg>
                        </button>
                        </div>
                        <div class="col-sm-10 col-12">
                        <div class="ct-tile-quantity d-none" data-pid="7457865">
                        <input type="hidden" class="add-to-cart-url" value="https://www.continente.pt/on/demandware.store/Sites-continente-Site/default/Cart-AddProduct" tabindex="-1">
                        <div class="d-none tile-delete-confirmation-btn" data-pid="7457865" data-delay-time="3000" data-in-cart-msg="no carrinho" data-one-product-added="Adicionado ao carrinho" data-remove-from-cart-msg="Removido do carrinho" data-stay-open="6000.0" data-confirmation-image="{&quot;url&quot;:&quot;https://www.continente.pt/dw/image/v2/BDVS_PRD/on/demandware.static/-/Sites-col-master-catalog/default/dw478e3406/images/col/745/7457865-frente.jpg?sw=87&amp;sh=80&quot;,&quot;fallbackimage&quot;:{&quot;url&quot;:&quot;https://www.continente.pt/dw/image/v2/BDVS_PRD/on/demandware.static/Sites-continente-Site/-/default/dw7c42b4da/images/noimagelarge_product.png?sw=87&amp;sh=80&quot;,&quot;title&quot;:&quot;Gomas Monster Mix&quot;,&quot;alt&quot;:&quot;Gomas Monster Mix&quot;},&quot;title&quot;:&quot;Gomas Monster Mix&quot;,&quot;alt&quot;:&quot;Gomas Monster Mix&quot;}"></div>
                        <div class="ct-tile-quantity-update quantity-update product-qty-vue" data-remove-action="https://www.continente.pt/on/demandware.store/Sites-continente-Site/default/Cart-RemoveProductLineItem" data-action="https://www.continente.pt/on/demandware.store/Sites-continente-Site/default/Cart-UpdateQuantity" data-dimension-update="https://www.continente.pt/on/demandware.store/Sites-continente-Site/default/Cart-DimensionUpdate" data-pid="7457865" data-uuid="6dc59efe62c0e9c78f7c785a22" data-add-delay="500.0" data-measure-options="{&quot;hasConversionRate&quot;:false,&quot;hasAlternativeSaleUnit&quot;:false,&quot;unitConversionRate&quot;:0,&quot;minOrderQuantity&quot;:1,&quot;stepQuantity&quot;:1,&quot;primaryunit&quot;:&quot;un&quot;,&quot;secondaryunit&quot;:&quot;kg&quot;,&quot;selectedunit&quot;:&quot;primary&quot;,&quot;maxNumberOfUnitsPerSale&quot;:50}" data-price-available="null" :data-has-error="isMaxQtyReached || isMinQtyReached || qtySelectedMoreThanOne">
                        <template v-show="prodUnits">
                        <div class="quantity-input-wrapper has-units">
                        <label class="visually-hidden" :for="'quantity-' + pid + additionalTag">
                        Quantidade no carrinho
                        </label>
                        <input :ref="'quantityInput-' + pid + additionalTag" class="add-to-cart-quantity form-control ct-form-input text-center" inputmode="numeric" :class="{'is-invalid': isInvalid}" :data-pid="pid + additionalTag" :name="'quantity-' + pid + additionalTag" type="text" aria-label="Insira a quantidade" title="" v-model="displayValue" @change="updateQuantity" @focus="updateQtyFormat" @blur="restoreQtyFormat" :disabled="!isPriceAvailable">
                        <span class="quantity-icon quantity-icon--minus">
                        <button class="decrease-quantity-btn" @click="updateQuantity" :disabled="!isPriceAvailable" role="button" aria-label="Reduzir quantidade">
                        <i class="css-math-minus"></i>
                        </button>
                        </span>
                        <span class="quantity-icon quantity-icon--plus">
                        <button class="increase-quantity-btn" @click="updateQuantity" :disabled="isMaxQtyReached || !isPriceAvailable" role="button" aria-label="Aumentar quantidade">
                        <i class="css-math-plus"></i>
                        </button>
                        <span class="quantity-btn-disabled-placeholder"></span>
                        </span>
                        <template v-if="isPDP">
                        <span class="quantity-error ct-span-error text-sm-center product-max-allocation" v-if="isMaxQtyReached">
                        Quantidade máxima atingida
                        </span>
                        <span class="quantity-error ct-span-product text-sm-center product-allocation" v-if="!isMinQtyReached &amp;&amp; !isMaxQtyReached">
                        {{quantitySelected}} no carrinho
                        </span>
                        <span class="quantity-error ct-span-error text-sm-center product-min-allocation" :data-pid="pid" v-if="isMinQtyReached &amp;&amp; !isMaxQtyReached">
                        Quantidade mínima atingida
                        </span>
                        </template>
                        </div>
                        <template v-if="showNotes">
                        <div class="add-note-link-container ">
                        <div class="add-note">
                        <a href="/produto/gomas-monster-mix-vidal-7457865.html?showNote=true" class="ct-add-note-redirect-pdp" aria-label="Adicionar comentário">
                        <span class="svg-wrapper svg-icon-notes" style="width:19px; height:20px">
                        <svg class="svg-inline icon-notes" viewBox="0 0 28 30" xmlns="http://www.w3.org/2000/svg" width="100%" height="100%"><path d="M21.738 0C22.985 0 24 1.04 24 2.319V12.47c0 .469-.37.848-.828.848-.457 0-.827-.38-.827-.848V2.32c0-.343-.273-.622-.607-.622H2.262c-.334 0-.607.279-.607.622V27.68c0 .343.273.622.607.622h7.81c.457 0 .827.38.827.849 0 .468-.37.848-.827.848h-7.81C1.015 30 0 28.96 0 27.681V2.32C0 1.04 1.015 0 2.262 0h19.476zm2.844 16.004l.227.007c.823.053 1.589.39 2.176.964.64.627.993 1.46.993 2.349 0 .888-.353 1.722-.993 2.348l-6.83 6.665c-.11.108-.247.186-.397.226l-5.032 1.363c-.078.021-.16.032-.241.032-.242 0-.478-.097-.647-.266-.23-.231-.314-.566-.218-.874l1.49-4.798c.044-.139.122-.266.227-.369l6.844-6.677c.64-.625 1.493-.97 2.401-.97zm-2.886 3.94l-4.922 4.802-.947 3.048 3.22-.872 4.897-4.78-2.248-2.197zm2.887-2.174c-.425 0-.824.162-1.124.455l-.484.472 2.248 2.197.484-.472c.62-.606.62-1.591 0-2.197l-.117-.104c-.283-.227-.636-.35-1.007-.35zm-10.839.022c.498 0 .904.396.904.883 0 .488-.406.884-.904.884H5.946c-.499 0-.904-.396-.904-.884 0-.487.405-.883.904-.883zm5.042-4.876c.498 0 .904.397.904.884s-.406.884-.904.884H5.946c-.499 0-.904-.397-.904-.884s.405-.884.904-.884zm0-4.875c.498 0 .904.396.904.884 0 .487-.406.883-.904.883H5.946c-.499 0-.904-.396-.904-.883 0-.488.405-.884.904-.884z" fill="#EB0203" fill-rule="evenodd"></path></svg>
                        </span>
                        <div class="available-note d-none"></div>
                        </a>
                        </div>
                        </div>
                        </template>
                        <div class="measurement-unit-section" v-if="isPriceAvailable &amp;&amp; prodUnits ? prodUnits.hasAlternativeUnit : false">
                        <div class="ct-form-radio" @click="setDimension">
                        <input type="radio" title="" class="ct-form-check-input product-measurement-unit" :data-type="prodUnits.selectedUnit == prodUnits.secondaryUnit ? 'primary' : ''" :id="prodUnits.secondaryUnit + '-' + pid + '-measurement-unit-ptile' + additionalTag" :name="'measurement-unit-' + pid + '-ptile' + additionalTag" :value="prodUnits.secondaryUnit" v-model="prodUnits.selectedUnit">
                        <label :class="prodUnits.secondaryUnit + '-label ct-form-check-label mb-0'" :for="prodUnits.secondaryUnit + '-' + pid + '-measurement-unit-ptile' + additionalTag">
                        {{prodUnits.secondaryUnit}}
                        </label>
                        <span class="checkmark"></span>
                        </div>
                        <div class="ct-form-radio" @click="setDimension">
                        <input type="radio" title="" class="ct-form-check-input product-measurement-unit" :data-type="prodUnits.selectedUnit == prodUnits.primaryUnit ? 'primary' : ''" :id="prodUnits.primaryUnit + '-' + pid + '-measurement-unit-ptile' + additionalTag" :name="'measurement-unit-' + pid + '-ptile' + additionalTag" :value="prodUnits.primaryUnit" v-model="prodUnits.selectedUnit">
                        <label :class="prodUnits.primaryUnit + '-label ct-form-check-label mb-0'" :for="prodUnits.primaryUnit + '-' + pid + '-measurement-unit-ptile' + additionalTag">
                        {{prodUnits.primaryUnit}}
                        </label>
                        <span class="checkmark"></span>
                        </div>
                        </div>
                        <template v-if="!isPDP &amp;&amp; isPriceAvailable">
                        <span class="quantity-error ct-span-error product-max-allocation" v-if="isMaxQtyReached">
                        Quantidade máxima atingida
                        </span>
                        <span class="quantity-error ct-span-product product-allocation" v-if="!isMinQtyReached &amp;&amp; !isMaxQtyReached">
                        {{quantitySelected}} no carrinho
                        </span>
                        <span class="quantity-error ct-span-error product-min-allocation" :data-pid="pid" v-if="isMinQtyReached &amp;&amp; !isMaxQtyReached">
                        Quantidade mínima atingida
                        </span>
                        </template>
                        </template>
                        </div>
                        <input class="quantity-value-mask d-none" name="quantity" type="number" min="0" value="" tabindex="-1">
                        </div>
                        <button type="button" class="add-to-cart button js-add-to-cart js-add-to-cart-tile 7457865 button--primary dynamic-layout-btn" data-toggle="modal" data-target="#chooseBonusProductModal" data-pid="7457865" data-quantity-value="null" aria-label="Carrinho" tabindex="-1">
                        <span class="d-block d-sm-none">
                        <span class="svg-wrapper svg-icon-cart" style="width:20px; height:20px">
                        <svg class="svg-inline icon-cart" xmlns="http://www.w3.org/2000/svg" viewBox="0 0 500 500" width="100%" height="100%"><path fill="#EB0203" fill-rule="evenodd" d="M 485.67317,94.386311 C 476.37798,83.847129 463.09468,78.03348 448.30404,78.03348 H 90.690813 L 87.079511,51.327997 C 83.185582,22.539551 62.962285,0 41.011841,0 H 14.727836 C 6.563151,0 0,6.5286975 0,14.580758 c 0,8.05206 6.5945535,14.580758 14.727836,14.580758 h 26.284005 c 4.710398,0 14.696435,9.855222 16.894619,26.021523 L 100.01739,368.0631 c 1.88416,13.77244 9.01256,26.70549 20.1605,36.37417 8.25889,7.15046 18.02511,11.9071 28.26237,13.89679 -4.17655,7.58572 -6.53175,16.25957 -6.53175,25.493 0,29.53459 24.27424,53.59751 54.13815,53.59751 29.8325,0 54.13814,-24.03184 54.13814,-53.59751 0,-8.79818 -2.19818,-17.09897 -5.9979,-24.43598 h 77.12488 c -3.79973,7.33701 -5.96652,15.6378 -5.96652,24.43598 0,29.53459 24.27424,53.59751 54.13817,53.59751 29.83249,0 54.13814,-24.03184 54.13814,-53.59751 0,-8.79818 -2.1982,-17.09897 -5.9979,-24.43598 h 38.56243 c 8.13328,0 14.72783,-6.5287 14.72783,-14.61183 0,-8.02098 -6.59455,-14.54967 -14.72783,-14.54967 H 159.24277 c -14.38241,0 -28.13677,-11.90711 -30.02092,-26.02153 l -3.07746,-22.88154 h 290.6314 c 14.03698,0 27.94834,-5.28513 39.06488,-14.95381 11.11652,-9.6376 18.27632,-22.57065 20.16048,-36.37417 l 21.10259,-156.78201 c 1.94694,-14.51858 -2.10398,-28.29103 -11.43057,-38.861299 z M 220.76053,443.82706 c 0,13.49265 -11.08513,24.46709 -24.68247,24.46709 -13.62874,0 -24.71387,-10.97444 -24.71387,-24.46709 0,-13.49262 11.08513,-24.43598 24.71387,-24.43598 13.59734,0 24.68247,10.94336 24.68247,24.43598 z m 173.43675,0 c 0,13.49265 -11.08512,24.46709 -24.68245,24.46709 -13.62876,0 -24.71388,-10.97444 -24.71388,-24.46709 0,-13.49262 11.08512,-24.43598 24.71388,-24.43598 13.59733,0 24.68245,10.94336 24.68245,24.43598 z m 73.7648,-314.46558 -21.13397,156.782 c -1.88416,14.11442 -15.63851,26.05261 -30.02091,26.05261 H 122.25046 L 94.616142,107.19499 H 448.33544 c 6.18632,0 11.61896,2.2695 15.23028,6.37326 3.64269,4.13484 5.21283,9.73086 4.39636,15.79323 z"></path></svg>
                        </span>
                        </span>
                        <span class="add-to-cart--text d-none d-sm-block">Carrinho</span>
                        </button>
                        </div>
                        </div>
                        </div>
                        </div>
                        
                        <div class="col-12 d-sm-none">
                        </div>
                        </div>
                        </div>
                        </div>
                        </div><div class="pd-tile-wrap slick-slide slick-cloned" data-idx="10" style="height: auto; width: 221px;" data-slick-index="19" id="" aria-hidden="true" tabindex="-1">
                        
                        <script type="text/javascript">//<!--
                        /* <![CDATA[ */
                        (function(){
                        try {
                            if(window.CQuotient) {
                                var cq_params = {};
                                cq_params.cookieId = window.CQuotient.getCQCookieId();
                                cq_params.userId = window.CQuotient.getCQUserId();
                                cq_params.emailId = CQuotient.getCQHashedEmail();
                                cq_params.loginId = CQuotient.getCQHashedLogin();
                                cq_params.accumulate = true;
                                cq_params.products = [{
                                    id: '7519437',
                                    sku: '',
                                    type: '',
                                    alt_id: ''
                                }];
                                cq_params.recommenderName = 'FOOD-MERCEARIA';
                                cq_params.realm = "BDVS";
                                cq_params.siteId = "continente";
                                cq_params.instanceType = "prd";
                                cq_params.locale = window.CQuotient.locale;
                                cq_params.slotId = 'col-category-product-recommendations';
                                cq_params.slotConfigId = 'FOOD Recommender Mercearia - Einstein';
                                cq_params.slotConfigTemplate = 'slots\/recommendation\/recommendedProductsCLP.isml';
                                if(window.CQuotient.sendActivity)
                                    window.CQuotient.sendActivity( CQuotient.clientId, 'viewReco', cq_params );
                                else
                                    window.CQuotient.activities.push( {activityType: 'viewReco', parameters: cq_params} );
                            }
                        } catch(err) {}
                        })();
                        /* ]]> */
                        // -->
                        </script>
                        <script type="text/javascript">//<!--
                        /* <![CDATA[ (viewProduct-active_data.js) */
                        dw.ac._capture({id: "7519437", type: "recommendation"});
                        /* ]]> */
                        // -->
                        </script>
                        <div class="product" data-pid="7519437">
                        <div class="product-tile pid-7519437   ct-product-tile " data-delay-time="3000" data-variants-mapping="[]" data-in-cart-msg="no carrinho" data-one-product-added="Adicionado ao carrinho" data-remove-from-cart-msg="Removido do carrinho" data-stay-open="6000.0" data-product-tile-impression="{&quot;name&quot;:&quot;7519437&quot;,&quot;id&quot;:&quot;7519437&quot;,&quot;price&quot;:2.29,&quot;brand&quot;:&quot;Lays Gourmet&quot;,&quot;category&quot;:[{&quot;category_level_1&quot;:&quot;Mercearia&quot;},{&quot;category_level_2&quot;:&quot;Snacks e Batatas Fritas&quot;},{&quot;category_level_3&quot;:&quot;Batatas Fritas&quot;}],&quot;variant&quot;:&quot;&quot;}">
                        <div class="ct-inner-tile-wrap row no-gutters justify-content-center align-content-start">
                        
                        <div class="ct-image-container col-4 col-sm" data-confirmation-image="{&quot;url&quot;:&quot;https://www.continente.pt/dw/image/v2/BDVS_PRD/on/demandware.static/-/Sites-col-master-catalog/default/dwf8e1fa0c/images/col/751/7519437-frente.jpg?sw=87&amp;sh=80&quot;,&quot;fallbackimage&quot;:{&quot;url&quot;:&quot;https://www.continente.pt/dw/image/v2/BDVS_PRD/on/demandware.static/Sites-continente-Site/-/default/dw7c42b4da/images/noimagelarge_product.png?sw=87&amp;sh=80&quot;,&quot;title&quot;:&quot;Batata Frita Gourmet Original&quot;,&quot;alt&quot;:&quot;Batata Frita Gourmet Original&quot;},&quot;title&quot;:&quot;Batata Frita Gourmet Original&quot;,&quot;alt&quot;:&quot;Batata Frita Gourmet Original&quot;}">
                        <a href="https://www.continente.pt/produto/batata-frita-gourmet-original-lays-gourmet-7519437.html?cgid=home" tabindex="-1">
                        <picture class="intrinsic intrinsic--square">
                        <img class="ct-tile-image lazyloaded" loading="lazy" onerror="this.onerror=null;this.src='/on/demandware.static/Sites-continente-Site/-/default/dw7c42b4da/images/noimagelarge_product.png';" data-src="https://www.continente.pt/dw/image/v2/BDVS_PRD/on/demandware.static/-/Sites-col-master-catalog/default/dwf8e1fa0c/images/col/751/7519437-frente.jpg?sw=280&amp;sh=280" alt="Batata Frita Gourmet Original" title="Batata Frita Gourmet Original" src="https://www.continente.pt/dw/image/v2/BDVS_PRD/on/demandware.static/-/Sites-col-master-catalog/default/dwf8e1fa0c/images/col/751/7519437-frente.jpg?sw=280&amp;sh=280">
                        </picture>
                        </a>
                        <div class="color-swatches d-flex" style="margin-left: 5px;">
                        <div class="swatches d-flex">
                        </div>
                        </div>
                        </div>
                        <div class="ct-tile-body col col-sm-auto ">
                        <div class="ct-pdp-details">
                        <div class="ct-pdp-link">
                        <a class="ct-tile--description" href="https://www.continente.pt/produto/batata-frita-gourmet-original-lays-gourmet-7519437.html?cgid=home" tabindex="-1">Batata Frita Gourmet Original</a>
                        <div class="ct-tile--favorite-top d-sm-none">
                        <button class="wishlist-toggler guest-mode inactive button button--tertiary" data-pid="7519437" data-add-url="https://www.continente.pt/on/demandware.store/Sites-continente-Site/default/Wishlist-AddProduct?pid=7519437" data-toggle="tooltip" aria-label="Adicionar aos favoritos " data-original-title="Adicionar aos favoritos" data-placement="top" tabindex="-1">
                        <svg class="active-content" width="100%" height="100%" viewBox="0 0 20 22" fill="none" xmlns="http://www.w3.org/2000/svg">
                        <path fill-rule="evenodd" clip-rule="evenodd" d="M0 1.53052C0 0.685236 0.692171 0 1.54601 0H15.0736C15.9274 0 16.6196 0.685235 16.6196 1.53052V13.4064L15.8127 13.922L14.2658 14.2658L12.7189 13.4064L10.6054 14.3818C10.4994 14.2451 10.3327 14.157 10.1452 14.157H6.76329C6.4431 14.157 6.18354 14.414 6.18354 14.731C6.18354 15.0479 6.4431 15.3049 6.76329 15.3049H10.1452C10.2478 15.3049 10.3441 15.2785 10.4277 15.2322L10.3126 16.8439L13.2345 20.2793H1.54601C0.69217 20.2793 0 19.5941 0 18.7488V1.53052ZM6.18354 5.5483C6.18354 5.23132 6.4431 4.97436 6.76329 4.97436H12.3676C12.6878 4.97436 12.9473 5.23132 12.9473 5.5483C12.9473 5.86528 12.6878 6.12224 12.3676 6.12224H6.76329C6.4431 6.12224 6.18354 5.86528 6.18354 5.5483ZM6.76329 11.0961C6.4431 11.0961 6.18354 11.3531 6.18354 11.6701C6.18354 11.987 6.4431 12.244 6.76329 12.244H12.3676C12.6878 12.244 12.9473 11.987 12.9473 11.6701C12.9473 11.3531 12.6878 11.0961 12.3676 11.0961H6.76329ZM6.18354 8.60985C6.18354 8.29287 6.4431 8.03591 6.76329 8.03591H12.3676C12.6878 8.03591 12.9473 8.29287 12.9473 8.60985C12.9473 8.92684 12.6878 9.1838 12.3676 9.1838H6.76329C6.4431 9.1838 6.18354 8.92684 6.18354 8.60985ZM3.67118 5.5483C3.67118 5.23132 3.93075 4.97436 4.25093 4.97436H4.63743C4.95762 4.97436 5.21719 5.23132 5.21719 5.5483C5.21719 5.86528 4.95762 6.12224 4.63743 6.12224H4.25093C3.93075 6.12224 3.67118 5.86528 3.67118 5.5483ZM4.25093 11.0961C3.93075 11.0961 3.67118 11.3531 3.67118 11.6701C3.67118 11.987 3.93075 12.244 4.25093 12.244H4.63743C4.95762 12.244 5.21719 11.987 5.21719 11.6701C5.21719 11.3531 4.95762 11.0961 4.63743 11.0961H4.25093ZM3.67118 8.60985C3.67118 8.29287 3.93075 8.03591 4.25093 8.03591H4.63743C4.95762 8.03591 5.21719 8.29287 5.21719 8.60985C5.21719 8.92684 4.95762 9.1838 4.63743 9.1838H4.25093C3.93075 9.1838 3.67118 8.92684 3.67118 8.60985ZM4.25093 14.157C3.93075 14.157 3.67118 14.414 3.67118 14.731C3.67118 15.0479 3.93075 15.3049 4.25093 15.3049H4.63743C4.95762 15.3049 5.21719 15.0479 5.21719 14.731C5.21719 14.414 4.95762 14.157 4.63743 14.157H4.25093Z" fill="#EB0203"></path>
                        <path fill-rule="evenodd" clip-rule="evenodd" d="M14.6252 13.6363C13.4918 12.6215 11.7817 12.5264 10.6569 13.4792C9.12421 14.7764 9.34841 16.8912 10.4409 18.0122L14.0159 21.6742C14.2197 21.8832 14.4928 22 14.7822 22C15.0737 22 15.3448 21.8852 15.5486 21.6762L19.1236 18.0142C20.214 16.8933 20.4423 14.7785 18.9075 13.4792C17.7827 12.5283 16.0724 12.6217 14.9391 13.6365C14.8855 13.6845 14.8331 13.7345 14.7822 13.7866C14.7313 13.7345 14.6789 13.6843 14.6252 13.6363ZM18.1546 14.3522C19.0973 15.1508 18.9962 16.4896 18.2891 17.2173C18.2888 17.2175 18.2886 17.2177 18.2884 17.218L14.7832 20.8084L11.2753 17.2151C11.2752 17.215 11.2751 17.2149 11.2749 17.2148C10.5677 16.4887 10.4678 15.1495 11.4104 14.3518L11.4108 14.3514C12.0745 13.7892 13.2018 13.82 13.9488 14.5846L14.7822 15.4378L15.6157 14.5846C16.3617 13.8211 17.4896 13.79 18.1545 14.3521" fill="#EB0203"></path>
                        </svg>
                        <svg class="inactive-content" width="100%" height="100%" viewBox="0 0 20 23" fill="none" xmlns="http://www.w3.org/2000/svg">
                        <path fill-rule="evenodd" clip-rule="evenodd" d="M6.18408 5.77914C6.18408 5.46223 6.44363 5.20532 6.7638 5.20532H12.3678C12.6879 5.20532 12.9475 5.46223 12.9475 5.77914C12.9475 6.09606 12.6879 6.35297 12.3678 6.35297H6.7638C6.44363 6.35297 6.18408 6.09606 6.18408 5.77914Z" fill="#EB0203"></path>
                        <path fill-rule="evenodd" clip-rule="evenodd" d="M6.18408 11.9034C6.18408 11.5865 6.44363 11.3296 6.7638 11.3296H12.3678C12.6879 11.3296 12.9475 11.5865 12.9475 11.9034C12.9475 12.2202 12.6879 12.4771 12.3678 12.4771H6.7638C6.44363 12.4771 6.18408 12.2202 6.18408 11.9034Z" fill="#EB0203"></path>
                        <path fill-rule="evenodd" clip-rule="evenodd" d="M6.18408 8.84116C6.18408 8.52424 6.44363 8.26733 6.7638 8.26733H12.3678C12.6879 8.26733 12.9475 8.52424 12.9475 8.84116C12.9475 9.15807 12.6879 9.41498 12.3678 9.41498H6.7638C6.44363 9.41498 6.18408 9.15807 6.18408 8.84116Z" fill="#EB0203"></path>
                        <path fill-rule="evenodd" clip-rule="evenodd" d="M6.18408 14.9655C6.18408 14.6486 6.44363 14.3917 6.7638 14.3917H10.1455C10.4657 14.3917 10.7252 14.6486 10.7252 14.9655C10.7252 15.2825 10.4657 15.5394 10.1455 15.5394H6.7638C6.44363 15.5394 6.18408 15.2825 6.18408 14.9655Z" fill="#EB0203"></path>
                        <path fill-rule="evenodd" clip-rule="evenodd" d="M3.67139 5.77914C3.67139 5.46223 3.93094 5.20532 4.25111 5.20532H4.63759C4.95776 5.20532 5.21731 5.46223 5.21731 5.77914C5.21731 6.09606 4.95776 6.35297 4.63759 6.35297H4.25111C3.93094 6.35297 3.67139 6.09606 3.67139 5.77914Z" fill="#EB0203"></path>
                        <path fill-rule="evenodd" clip-rule="evenodd" d="M3.67139 11.9034C3.67139 11.5865 3.93094 11.3296 4.25111 11.3296H4.63759C4.95776 11.3296 5.21731 11.5865 5.21731 11.9034C5.21731 12.2202 4.95776 12.4771 4.63759 12.4771H4.25111C3.93094 12.4771 3.67139 12.2202 3.67139 11.9034Z" fill="#EB0203"></path>
                        <path fill-rule="evenodd" clip-rule="evenodd" d="M3.67139 8.84116C3.67139 8.52424 3.93094 8.26733 4.25111 8.26733H4.63759C4.95776 8.26733 5.21731 8.52424 5.21731 8.84116C5.21731 9.15807 4.95776 9.41498 4.63759 9.41498H4.25111C3.93094 9.41498 3.67139 9.15807 3.67139 8.84116Z" fill="#EB0203"></path>
                        <path fill-rule="evenodd" clip-rule="evenodd" d="M3.67139 14.9655C3.67139 14.6486 3.93094 14.3917 4.25111 14.3917H4.63759C4.95776 14.3917 5.21731 14.6486 5.21731 14.9655C5.21731 15.2825 4.95776 15.5394 4.63759 15.5394H4.25111C3.93094 15.5394 3.67139 15.2825 3.67139 14.9655Z" fill="#EB0203"></path>
                        <path fill-rule="evenodd" clip-rule="evenodd" d="M0 1.76033C0 0.914738 0.692131 0.229248 1.54592 0.229248H15.0727C15.9265 0.229248 16.6186 0.914738 16.6186 1.76033V11.2818C16.6186 11.5989 16.3591 11.8559 16.0389 11.8559C15.7187 11.8559 15.4592 11.5989 15.4592 11.2818V1.76033C15.4592 1.54893 15.2862 1.37756 15.0727 1.37756H1.54592C1.33247 1.37756 1.15944 1.54893 1.15944 1.76033V18.985C1.15944 19.1964 1.33247 19.3678 1.54592 19.3678H9.27551C9.59568 19.3678 9.85523 19.6249 9.85523 19.942C9.85523 20.2591 9.59568 20.5161 9.27551 20.5161H1.54592C0.692131 20.5161 0 19.8306 0 18.985V1.76033Z" fill="#EB0203"></path>
                        <path fill-rule="evenodd" clip-rule="evenodd" d="M14.6254 13.8718C13.4921 12.8567 11.7821 12.7615 10.6574 13.7147C9.12472 15.0124 9.34891 17.128 10.4413 18.2493L14.0161 21.9126C14.2199 22.1217 14.493 22.2386 14.7824 22.2386C15.0739 22.2386 15.3449 22.1238 15.5487 21.9147L19.1235 18.2514C20.2139 17.13 20.4422 15.0144 18.9075 13.7147C17.7827 12.7634 16.0726 12.8569 14.9392 13.872C14.8856 13.92 14.8333 13.9701 14.7824 14.0222C14.7314 13.97 14.6791 13.9199 14.6254 13.8718ZM18.1546 14.588C19.0972 15.3869 18.9961 16.7262 18.2891 17.4541C18.2888 17.4543 18.2886 17.4546 18.2884 17.4548L14.7834 21.0466L11.2757 17.452C11.2756 17.4519 11.2755 17.4517 11.2753 17.4516C10.5681 16.7252 10.4682 15.3856 11.4108 14.5876L11.4112 14.5872C12.0748 14.0248 13.202 14.0556 13.949 14.8205L14.7824 15.674L15.6158 14.8205C16.3618 14.0567 17.4896 14.0256 18.1545 14.5879" fill="#EB0203"></path>
                        </svg>
                        </button>
                        </div>
                        </div>
                        <p class="ct-tile--brand">Lay's Gourmet</p>
                        <p class="ct-tile--quantity">emb. 170 gr</p>
                        </div>
                        <div class="ct-tile-bottom row no-gutters justify-content-between">
                        <div class="ct-price-wrap col-8 col-sm-12">
                        <div class="price js-product-price">
                        <div class="prices-wrapper">
                        <span class="sales ct-tile--price-primary ">
                        <span class="value" content="2.29">
                        <span class="ct-price-formatted">
                        €2,29
                        </span>
                        <span class="ct-m-unit">
                        /un
                        </span>
                        </span>
                        </span>
                        </div>
                        <div class="ct-tile--price-secondary">
                        <span class="ct-price-value">
                        €13,47
                        </span>
                        <span class="ct-m-unit">
                        /kg
                        </span>
                        </div>
                        </div>
                        </div>
                        <div class="ct-tile-buy-section d-flex justify-content-center no-gutters col-auto col-sm-12">
                        <div class="col-2 d-sm-flex d-none">
                        <button class="wishlist-toggler guest-mode inactive button button--tertiary" data-pid="7519437" data-add-url="https://www.continente.pt/on/demandware.store/Sites-continente-Site/default/Wishlist-AddProduct?pid=7519437" data-toggle="tooltip" aria-label="Adicionar aos favoritos " data-original-title="Adicionar aos favoritos" data-placement="top" tabindex="-1">
                        <svg class="active-content" width="100%" height="100%" viewBox="0 0 20 22" fill="none" xmlns="http://www.w3.org/2000/svg">
                        <path fill-rule="evenodd" clip-rule="evenodd" d="M0 1.53052C0 0.685236 0.692171 0 1.54601 0H15.0736C15.9274 0 16.6196 0.685235 16.6196 1.53052V13.4064L15.8127 13.922L14.2658 14.2658L12.7189 13.4064L10.6054 14.3818C10.4994 14.2451 10.3327 14.157 10.1452 14.157H6.76329C6.4431 14.157 6.18354 14.414 6.18354 14.731C6.18354 15.0479 6.4431 15.3049 6.76329 15.3049H10.1452C10.2478 15.3049 10.3441 15.2785 10.4277 15.2322L10.3126 16.8439L13.2345 20.2793H1.54601C0.69217 20.2793 0 19.5941 0 18.7488V1.53052ZM6.18354 5.5483C6.18354 5.23132 6.4431 4.97436 6.76329 4.97436H12.3676C12.6878 4.97436 12.9473 5.23132 12.9473 5.5483C12.9473 5.86528 12.6878 6.12224 12.3676 6.12224H6.76329C6.4431 6.12224 6.18354 5.86528 6.18354 5.5483ZM6.76329 11.0961C6.4431 11.0961 6.18354 11.3531 6.18354 11.6701C6.18354 11.987 6.4431 12.244 6.76329 12.244H12.3676C12.6878 12.244 12.9473 11.987 12.9473 11.6701C12.9473 11.3531 12.6878 11.0961 12.3676 11.0961H6.76329ZM6.18354 8.60985C6.18354 8.29287 6.4431 8.03591 6.76329 8.03591H12.3676C12.6878 8.03591 12.9473 8.29287 12.9473 8.60985C12.9473 8.92684 12.6878 9.1838 12.3676 9.1838H6.76329C6.4431 9.1838 6.18354 8.92684 6.18354 8.60985ZM3.67118 5.5483C3.67118 5.23132 3.93075 4.97436 4.25093 4.97436H4.63743C4.95762 4.97436 5.21719 5.23132 5.21719 5.5483C5.21719 5.86528 4.95762 6.12224 4.63743 6.12224H4.25093C3.93075 6.12224 3.67118 5.86528 3.67118 5.5483ZM4.25093 11.0961C3.93075 11.0961 3.67118 11.3531 3.67118 11.6701C3.67118 11.987 3.93075 12.244 4.25093 12.244H4.63743C4.95762 12.244 5.21719 11.987 5.21719 11.6701C5.21719 11.3531 4.95762 11.0961 4.63743 11.0961H4.25093ZM3.67118 8.60985C3.67118 8.29287 3.93075 8.03591 4.25093 8.03591H4.63743C4.95762 8.03591 5.21719 8.29287 5.21719 8.60985C5.21719 8.92684 4.95762 9.1838 4.63743 9.1838H4.25093C3.93075 9.1838 3.67118 8.92684 3.67118 8.60985ZM4.25093 14.157C3.93075 14.157 3.67118 14.414 3.67118 14.731C3.67118 15.0479 3.93075 15.3049 4.25093 15.3049H4.63743C4.95762 15.3049 5.21719 15.0479 5.21719 14.731C5.21719 14.414 4.95762 14.157 4.63743 14.157H4.25093Z" fill="#EB0203"></path>
                        <path fill-rule="evenodd" clip-rule="evenodd" d="M14.6252 13.6363C13.4918 12.6215 11.7817 12.5264 10.6569 13.4792C9.12421 14.7764 9.34841 16.8912 10.4409 18.0122L14.0159 21.6742C14.2197 21.8832 14.4928 22 14.7822 22C15.0737 22 15.3448 21.8852 15.5486 21.6762L19.1236 18.0142C20.214 16.8933 20.4423 14.7785 18.9075 13.4792C17.7827 12.5283 16.0724 12.6217 14.9391 13.6365C14.8855 13.6845 14.8331 13.7345 14.7822 13.7866C14.7313 13.7345 14.6789 13.6843 14.6252 13.6363ZM18.1546 14.3522C19.0973 15.1508 18.9962 16.4896 18.2891 17.2173C18.2888 17.2175 18.2886 17.2177 18.2884 17.218L14.7832 20.8084L11.2753 17.2151C11.2752 17.215 11.2751 17.2149 11.2749 17.2148C10.5677 16.4887 10.4678 15.1495 11.4104 14.3518L11.4108 14.3514C12.0745 13.7892 13.2018 13.82 13.9488 14.5846L14.7822 15.4378L15.6157 14.5846C16.3617 13.8211 17.4896 13.79 18.1545 14.3521" fill="#EB0203"></path>
                        </svg>
                        <svg class="inactive-content" width="100%" height="100%" viewBox="0 0 20 23" fill="none" xmlns="http://www.w3.org/2000/svg">
                        <path fill-rule="evenodd" clip-rule="evenodd" d="M6.18408 5.77914C6.18408 5.46223 6.44363 5.20532 6.7638 5.20532H12.3678C12.6879 5.20532 12.9475 5.46223 12.9475 5.77914C12.9475 6.09606 12.6879 6.35297 12.3678 6.35297H6.7638C6.44363 6.35297 6.18408 6.09606 6.18408 5.77914Z" fill="#EB0203"></path>
                        <path fill-rule="evenodd" clip-rule="evenodd" d="M6.18408 11.9034C6.18408 11.5865 6.44363 11.3296 6.7638 11.3296H12.3678C12.6879 11.3296 12.9475 11.5865 12.9475 11.9034C12.9475 12.2202 12.6879 12.4771 12.3678 12.4771H6.7638C6.44363 12.4771 6.18408 12.2202 6.18408 11.9034Z" fill="#EB0203"></path>
                        <path fill-rule="evenodd" clip-rule="evenodd" d="M6.18408 8.84116C6.18408 8.52424 6.44363 8.26733 6.7638 8.26733H12.3678C12.6879 8.26733 12.9475 8.52424 12.9475 8.84116C12.9475 9.15807 12.6879 9.41498 12.3678 9.41498H6.7638C6.44363 9.41498 6.18408 9.15807 6.18408 8.84116Z" fill="#EB0203"></path>
                        <path fill-rule="evenodd" clip-rule="evenodd" d="M6.18408 14.9655C6.18408 14.6486 6.44363 14.3917 6.7638 14.3917H10.1455C10.4657 14.3917 10.7252 14.6486 10.7252 14.9655C10.7252 15.2825 10.4657 15.5394 10.1455 15.5394H6.7638C6.44363 15.5394 6.18408 15.2825 6.18408 14.9655Z" fill="#EB0203"></path>
                        <path fill-rule="evenodd" clip-rule="evenodd" d="M3.67139 5.77914C3.67139 5.46223 3.93094 5.20532 4.25111 5.20532H4.63759C4.95776 5.20532 5.21731 5.46223 5.21731 5.77914C5.21731 6.09606 4.95776 6.35297 4.63759 6.35297H4.25111C3.93094 6.35297 3.67139 6.09606 3.67139 5.77914Z" fill="#EB0203"></path>
                        <path fill-rule="evenodd" clip-rule="evenodd" d="M3.67139 11.9034C3.67139 11.5865 3.93094 11.3296 4.25111 11.3296H4.63759C4.95776 11.3296 5.21731 11.5865 5.21731 11.9034C5.21731 12.2202 4.95776 12.4771 4.63759 12.4771H4.25111C3.93094 12.4771 3.67139 12.2202 3.67139 11.9034Z" fill="#EB0203"></path>
                        <path fill-rule="evenodd" clip-rule="evenodd" d="M3.67139 8.84116C3.67139 8.52424 3.93094 8.26733 4.25111 8.26733H4.63759C4.95776 8.26733 5.21731 8.52424 5.21731 8.84116C5.21731 9.15807 4.95776 9.41498 4.63759 9.41498H4.25111C3.93094 9.41498 3.67139 9.15807 3.67139 8.84116Z" fill="#EB0203"></path>
                        <path fill-rule="evenodd" clip-rule="evenodd" d="M3.67139 14.9655C3.67139 14.6486 3.93094 14.3917 4.25111 14.3917H4.63759C4.95776 14.3917 5.21731 14.6486 5.21731 14.9655C5.21731 15.2825 4.95776 15.5394 4.63759 15.5394H4.25111C3.93094 15.5394 3.67139 15.2825 3.67139 14.9655Z" fill="#EB0203"></path>
                        <path fill-rule="evenodd" clip-rule="evenodd" d="M0 1.76033C0 0.914738 0.692131 0.229248 1.54592 0.229248H15.0727C15.9265 0.229248 16.6186 0.914738 16.6186 1.76033V11.2818C16.6186 11.5989 16.3591 11.8559 16.0389 11.8559C15.7187 11.8559 15.4592 11.5989 15.4592 11.2818V1.76033C15.4592 1.54893 15.2862 1.37756 15.0727 1.37756H1.54592C1.33247 1.37756 1.15944 1.54893 1.15944 1.76033V18.985C1.15944 19.1964 1.33247 19.3678 1.54592 19.3678H9.27551C9.59568 19.3678 9.85523 19.6249 9.85523 19.942C9.85523 20.2591 9.59568 20.5161 9.27551 20.5161H1.54592C0.692131 20.5161 0 19.8306 0 18.985V1.76033Z" fill="#EB0203"></path>
                        <path fill-rule="evenodd" clip-rule="evenodd" d="M14.6254 13.8718C13.4921 12.8567 11.7821 12.7615 10.6574 13.7147C9.12472 15.0124 9.34891 17.128 10.4413 18.2493L14.0161 21.9126C14.2199 22.1217 14.493 22.2386 14.7824 22.2386C15.0739 22.2386 15.3449 22.1238 15.5487 21.9147L19.1235 18.2514C20.2139 17.13 20.4422 15.0144 18.9075 13.7147C17.7827 12.7634 16.0726 12.8569 14.9392 13.872C14.8856 13.92 14.8333 13.9701 14.7824 14.0222C14.7314 13.97 14.6791 13.9199 14.6254 13.8718ZM18.1546 14.588C19.0972 15.3869 18.9961 16.7262 18.2891 17.4541C18.2888 17.4543 18.2886 17.4546 18.2884 17.4548L14.7834 21.0466L11.2757 17.452C11.2756 17.4519 11.2755 17.4517 11.2753 17.4516C10.5681 16.7252 10.4682 15.3856 11.4108 14.5876L11.4112 14.5872C12.0748 14.0248 13.202 14.0556 13.949 14.8205L14.7824 15.674L15.6158 14.8205C16.3618 14.0567 17.4896 14.0256 18.1545 14.5879" fill="#EB0203"></path>
                        </svg>
                        </button>
                        </div>
                        <div class="col-sm-10 col-12">
                        <div class="ct-tile-quantity d-none" data-pid="7519437">
                        <input type="hidden" class="add-to-cart-url" value="https://www.continente.pt/on/demandware.store/Sites-continente-Site/default/Cart-AddProduct" tabindex="-1">
                        <div class="d-none tile-delete-confirmation-btn" data-pid="7519437" data-delay-time="3000" data-in-cart-msg="no carrinho" data-one-product-added="Adicionado ao carrinho" data-remove-from-cart-msg="Removido do carrinho" data-stay-open="6000.0" data-confirmation-image="{&quot;url&quot;:&quot;https://www.continente.pt/dw/image/v2/BDVS_PRD/on/demandware.static/-/Sites-col-master-catalog/default/dwf8e1fa0c/images/col/751/7519437-frente.jpg?sw=87&amp;sh=80&quot;,&quot;fallbackimage&quot;:{&quot;url&quot;:&quot;https://www.continente.pt/dw/image/v2/BDVS_PRD/on/demandware.static/Sites-continente-Site/-/default/dw7c42b4da/images/noimagelarge_product.png?sw=87&amp;sh=80&quot;,&quot;title&quot;:&quot;Batata Frita Gourmet Original&quot;,&quot;alt&quot;:&quot;Batata Frita Gourmet Original&quot;},&quot;title&quot;:&quot;Batata Frita Gourmet Original&quot;,&quot;alt&quot;:&quot;Batata Frita Gourmet Original&quot;}"></div>
                        <div class="ct-tile-quantity-update quantity-update product-qty-vue" data-remove-action="https://www.continente.pt/on/demandware.store/Sites-continente-Site/default/Cart-RemoveProductLineItem" data-action="https://www.continente.pt/on/demandware.store/Sites-continente-Site/default/Cart-UpdateQuantity" data-dimension-update="https://www.continente.pt/on/demandware.store/Sites-continente-Site/default/Cart-DimensionUpdate" data-pid="7519437" data-uuid="9d258ef5ea80142a6c114095b1" data-add-delay="500.0" data-measure-options="{&quot;hasConversionRate&quot;:false,&quot;hasAlternativeSaleUnit&quot;:false,&quot;unitConversionRate&quot;:0,&quot;minOrderQuantity&quot;:1,&quot;stepQuantity&quot;:1,&quot;primaryunit&quot;:&quot;un&quot;,&quot;secondaryunit&quot;:&quot;kg&quot;,&quot;selectedunit&quot;:&quot;primary&quot;,&quot;maxNumberOfUnitsPerSale&quot;:50}" data-price-available="null" :data-has-error="isMaxQtyReached || isMinQtyReached || qtySelectedMoreThanOne">
                        <template v-show="prodUnits">
                        <div class="quantity-input-wrapper has-units">
                        <label class="visually-hidden" :for="'quantity-' + pid + additionalTag">
                        Quantidade no carrinho
                        </label>
                        <input :ref="'quantityInput-' + pid + additionalTag" class="add-to-cart-quantity form-control ct-form-input text-center" inputmode="numeric" :class="{'is-invalid': isInvalid}" :data-pid="pid + additionalTag" :name="'quantity-' + pid + additionalTag" type="text" aria-label="Insira a quantidade" title="" v-model="displayValue" @change="updateQuantity" @focus="updateQtyFormat" @blur="restoreQtyFormat" :disabled="!isPriceAvailable">
                        <span class="quantity-icon quantity-icon--minus">
                        <button class="decrease-quantity-btn" @click="updateQuantity" :disabled="!isPriceAvailable" role="button" aria-label="Reduzir quantidade">
                        <i class="css-math-minus"></i>
                        </button>
                        </span>
                        <span class="quantity-icon quantity-icon--plus">
                        <button class="increase-quantity-btn" @click="updateQuantity" :disabled="isMaxQtyReached || !isPriceAvailable" role="button" aria-label="Aumentar quantidade">
                        <i class="css-math-plus"></i>
                        </button>
                        <span class="quantity-btn-disabled-placeholder"></span>
                        </span>
                        <template v-if="isPDP">
                        <span class="quantity-error ct-span-error text-sm-center product-max-allocation" v-if="isMaxQtyReached">
                        Quantidade máxima atingida
                        </span>
                        <span class="quantity-error ct-span-product text-sm-center product-allocation" v-if="!isMinQtyReached &amp;&amp; !isMaxQtyReached">
                        {{quantitySelected}} no carrinho
                        </span>
                        <span class="quantity-error ct-span-error text-sm-center product-min-allocation" :data-pid="pid" v-if="isMinQtyReached &amp;&amp; !isMaxQtyReached">
                        Quantidade mínima atingida
                        </span>
                        </template>
                        </div>
                        <template v-if="showNotes">
                        <div class="add-note-link-container ">
                        <div class="add-note">
                        <a href="/produto/batata-frita-gourmet-original-lays-gourmet-7519437.html?showNote=true" class="ct-add-note-redirect-pdp" aria-label="Adicionar comentário">
                        <span class="svg-wrapper svg-icon-notes" style="width:19px; height:20px">
                        <svg class="svg-inline icon-notes" viewBox="0 0 28 30" xmlns="http://www.w3.org/2000/svg" width="100%" height="100%"><path d="M21.738 0C22.985 0 24 1.04 24 2.319V12.47c0 .469-.37.848-.828.848-.457 0-.827-.38-.827-.848V2.32c0-.343-.273-.622-.607-.622H2.262c-.334 0-.607.279-.607.622V27.68c0 .343.273.622.607.622h7.81c.457 0 .827.38.827.849 0 .468-.37.848-.827.848h-7.81C1.015 30 0 28.96 0 27.681V2.32C0 1.04 1.015 0 2.262 0h19.476zm2.844 16.004l.227.007c.823.053 1.589.39 2.176.964.64.627.993 1.46.993 2.349 0 .888-.353 1.722-.993 2.348l-6.83 6.665c-.11.108-.247.186-.397.226l-5.032 1.363c-.078.021-.16.032-.241.032-.242 0-.478-.097-.647-.266-.23-.231-.314-.566-.218-.874l1.49-4.798c.044-.139.122-.266.227-.369l6.844-6.677c.64-.625 1.493-.97 2.401-.97zm-2.886 3.94l-4.922 4.802-.947 3.048 3.22-.872 4.897-4.78-2.248-2.197zm2.887-2.174c-.425 0-.824.162-1.124.455l-.484.472 2.248 2.197.484-.472c.62-.606.62-1.591 0-2.197l-.117-.104c-.283-.227-.636-.35-1.007-.35zm-10.839.022c.498 0 .904.396.904.883 0 .488-.406.884-.904.884H5.946c-.499 0-.904-.396-.904-.884 0-.487.405-.883.904-.883zm5.042-4.876c.498 0 .904.397.904.884s-.406.884-.904.884H5.946c-.499 0-.904-.397-.904-.884s.405-.884.904-.884zm0-4.875c.498 0 .904.396.904.884 0 .487-.406.883-.904.883H5.946c-.499 0-.904-.396-.904-.883 0-.488.405-.884.904-.884z" fill="#EB0203" fill-rule="evenodd"></path></svg>
                        </span>
                        <div class="available-note d-none"></div>
                        </a>
                        </div>
                        </div>
                        </template>
                        <div class="measurement-unit-section" v-if="isPriceAvailable &amp;&amp; prodUnits ? prodUnits.hasAlternativeUnit : false">
                        <div class="ct-form-radio" @click="setDimension">
                        <input type="radio" title="" class="ct-form-check-input product-measurement-unit" :data-type="prodUnits.selectedUnit == prodUnits.secondaryUnit ? 'primary' : ''" :id="prodUnits.secondaryUnit + '-' + pid + '-measurement-unit-ptile' + additionalTag" :name="'measurement-unit-' + pid + '-ptile' + additionalTag" :value="prodUnits.secondaryUnit" v-model="prodUnits.selectedUnit">
                        <label :class="prodUnits.secondaryUnit + '-label ct-form-check-label mb-0'" :for="prodUnits.secondaryUnit + '-' + pid + '-measurement-unit-ptile' + additionalTag">
                        {{prodUnits.secondaryUnit}}
                        </label>
                        <span class="checkmark"></span>
                        </div>
                        <div class="ct-form-radio" @click="setDimension">
                        <input type="radio" title="" class="ct-form-check-input product-measurement-unit" :data-type="prodUnits.selectedUnit == prodUnits.primaryUnit ? 'primary' : ''" :id="prodUnits.primaryUnit + '-' + pid + '-measurement-unit-ptile' + additionalTag" :name="'measurement-unit-' + pid + '-ptile' + additionalTag" :value="prodUnits.primaryUnit" v-model="prodUnits.selectedUnit">
                        <label :class="prodUnits.primaryUnit + '-label ct-form-check-label mb-0'" :for="prodUnits.primaryUnit + '-' + pid + '-measurement-unit-ptile' + additionalTag">
                        {{prodUnits.primaryUnit}}
                        </label>
                        <span class="checkmark"></span>
                        </div>
                        </div>
                        <template v-if="!isPDP &amp;&amp; isPriceAvailable">
                        <span class="quantity-error ct-span-error product-max-allocation" v-if="isMaxQtyReached">
                        Quantidade máxima atingida
                        </span>
                        <span class="quantity-error ct-span-product product-allocation" v-if="!isMinQtyReached &amp;&amp; !isMaxQtyReached">
                        {{quantitySelected}} no carrinho
                        </span>
                        <span class="quantity-error ct-span-error product-min-allocation" :data-pid="pid" v-if="isMinQtyReached &amp;&amp; !isMaxQtyReached">
                        Quantidade mínima atingida
                        </span>
                        </template>
                        </template>
                        </div>
                        <input class="quantity-value-mask d-none" name="quantity" type="number" min="0" value="" tabindex="-1">
                        </div>
                        <button type="button" class="add-to-cart button js-add-to-cart js-add-to-cart-tile 7519437 button--primary dynamic-layout-btn" data-toggle="modal" data-target="#chooseBonusProductModal" data-pid="7519437" data-quantity-value="null" aria-label="Carrinho" tabindex="-1">
                        
                        <span class="d-block d-sm-none">
                        <span class="svg-wrapper svg-icon-cart" style="width:20px; height:20px">
                        <svg class="svg-inline icon-cart" xmlns="http://www.w3.org/2000/svg" viewBox="0 0 500 500" width="100%" height="100%"><path fill="#EB0203" fill-rule="evenodd" d="M 485.67317,94.386311 C 476.37798,83.847129 463.09468,78.03348 448.30404,78.03348 H 90.690813 L 87.079511,51.327997 C 83.185582,22.539551 62.962285,0 41.011841,0 H 14.727836 C 6.563151,0 0,6.5286975 0,14.580758 c 0,8.05206 6.5945535,14.580758 14.727836,14.580758 h 26.284005 c 4.710398,0 14.696435,9.855222 16.894619,26.021523 L 100.01739,368.0631 c 1.88416,13.77244 9.01256,26.70549 20.1605,36.37417 8.25889,7.15046 18.02511,11.9071 28.26237,13.89679 -4.17655,7.58572 -6.53175,16.25957 -6.53175,25.493 0,29.53459 24.27424,53.59751 54.13815,53.59751 29.8325,0 54.13814,-24.03184 54.13814,-53.59751 0,-8.79818 -2.19818,-17.09897 -5.9979,-24.43598 h 77.12488 c -3.79973,7.33701 -5.96652,15.6378 -5.96652,24.43598 0,29.53459 24.27424,53.59751 54.13817,53.59751 29.83249,0 54.13814,-24.03184 54.13814,-53.59751 0,-8.79818 -2.1982,-17.09897 -5.9979,-24.43598 h 38.56243 c 8.13328,0 14.72783,-6.5287 14.72783,-14.61183 0,-8.02098 -6.59455,-14.54967 -14.72783,-14.54967 H 159.24277 c -14.38241,0 -28.13677,-11.90711 -30.02092,-26.02153 l -3.07746,-22.88154 h 290.6314 c 14.03698,0 27.94834,-5.28513 39.06488,-14.95381 11.11652,-9.6376 18.27632,-22.57065 20.16048,-36.37417 l 21.10259,-156.78201 c 1.94694,-14.51858 -2.10398,-28.29103 -11.43057,-38.861299 z M 220.76053,443.82706 c 0,13.49265 -11.08513,24.46709 -24.68247,24.46709 -13.62874,0 -24.71387,-10.97444 -24.71387,-24.46709 0,-13.49262 11.08513,-24.43598 24.71387,-24.43598 13.59734,0 24.68247,10.94336 24.68247,24.43598 z m 173.43675,0 c 0,13.49265 -11.08512,24.46709 -24.68245,24.46709 -13.62876,0 -24.71388,-10.97444 -24.71388,-24.46709 0,-13.49262 11.08512,-24.43598 24.71388,-24.43598 13.59733,0 24.68245,10.94336 24.68245,24.43598 z m 73.7648,-314.46558 -21.13397,156.782 c -1.88416,14.11442 -15.63851,26.05261 -30.02091,26.05261 H 122.25046 L 94.616142,107.19499 H 448.33544 c 6.18632,0 11.61896,2.2695 15.23028,6.37326 3.64269,4.13484 5.21283,9.73086 4.39636,15.79323 z"></path></svg>
                        </span>
                        </span>
                        <span class="add-to-cart--text d-none d-sm-block">Carrinho</span>
                        </button>
                        </div>
                        </div>
                        </div>
                        </div>
                        
                        <div class="col-12 d-sm-none">
                        </div>
                        </div>
                        </div>
                        </div>
                        </div></div></div><svg class="svg-inline icon-arrow-right slick-arrow" xmlns="http://www.w3.org/2000/svg" viewBox="0 0 15 26" width="15" height="26" style=""><path fill="#EB0203" fill-rule="evenodd" d="M1.795.308A1.051 1.051 0 0 0 .308 1.795L11.622 12.99.308 24.205a1.052 1.052 0 0 0-.088 1.388l.088.1a1.048 1.048 0 0 0 1.487 0l11.97-11.866.1-.087c.158-.158.255-.353.291-.557l.004-.017a1.05 1.05 0 0 0-.419-1.037z"></path></svg><ul class="slick-dots" style="" role="tablist"><li class="slick-active" role="presentation"><button type="button" role="tab" id="slick-slide-control10" aria-controls="slick-slide10" aria-label="1 of 2" tabindex="0" aria-selected="true">1</button></li><li role="presentation"><button type="button" role="tab" id="slick-slide-control11" aria-controls="slick-slide15" aria-label="2 of 2" tabindex="-1">2</button></li></ul></div>
                        </div>
                        </div>
                        </div>
                        
                        </div>
                        <div class="row product-grid no-gutters gtm-list" itemtype="http://schema.org/SomeProducts" itemid="#product" data-gtm-list="Category - Grid">
                        <span class="page-placeholder-0" data-start="0" data-size="36.0" data-srule="best-matches" data-filters="[{&quot;key&quot;:&quot;pmin&quot;,&quot;value&quot;:0.01}]">
                        </span>
                        <div class="col-12 col-sm-3 col-lg-2 productTile" data-idx="1">
                        
                        <script type="text/javascript">//<!--
                        /* <![CDATA[ */
                        (function(){
                        try {
                            if(window.CQuotient) {
                            var cq_params = {};
                            
                            cq_params.cookieId = window.CQuotient.getCQCookieId();
                            cq_params.userId = window.CQuotient.getCQUserId();
                            cq_params.emailId = CQuotient.getCQHashedEmail();
                            cq_params.loginId = CQuotient.getCQHashedLogin();
                            cq_params.accumulate = true;
                            cq_params.products = [{
                                id: '2627789',
                                sku: ''
                            }];
                            cq_params.categoryId = 'mercearias';
                            cq_params.refinements = '[{\"name\":\"priceMin\",\"value\":\"0.01\"},{\"name\":\"priceMax\",\"value\":\"null\"},{\"name\":\"curr\",\"value\":\"EUR\"},{\"name\":\"Category\",\"value\":\"mercearias\"}]';
                            cq_params.personalized = 'false';
                            cq_params.sortingRule = 'FOOD_Mercearia';
                            cq_params.imageUUID = '__UNDEFINED__';
                            cq_params.realm = "BDVS";
                            cq_params.siteId = "continente";
                            cq_params.instanceType = "prd";
                            cq_params.queryLocale = "default";
                            cq_params.locale = window.CQuotient.locale;
                            
                            if(window.CQuotient.sendActivity)
                                window.CQuotient.sendActivity(CQuotient.clientId, 'viewCategory', cq_params);
                            else
                                window.CQuotient.activities.push({
                                    activityType: 'viewCategory',
                                    parameters: cq_params
                                });
                          }
                        } catch(err) {}
                        })();
                        /* ]]> */
                        // -->
                        </script>
                        <script type="text/javascript">//<!--
                        /* <![CDATA[ (viewCategoryProduct-active_data.js) */
                        (function(){
                        try {
                            if (dw.ac) {
                                var search_params = {};
                                search_params.persd = 'false';
                                search_params.refs = '[{\"name\":\"priceMin\",\"value\":\"0.01\"},{\"name\":\"priceMax\",\"value\":\"null\"},{\"name\":\"curr\",\"value\":\"EUR\"},{\"name\":\"Category\",\"value\":\"mercearias\"}]';
                                search_params.sort = 'FOOD_Mercearia';
                                search_params.imageUUID = '';
                                search_params.searchID = 'afeeff71-841d-471a-a4b6-1885a5ac2689';
                                search_params.locale = 'default';
                                search_params.queryLocale = 'default';
                                search_params.showProducts = 'true';
                                dw.ac.applyContext({category: "mercearias", searchData: search_params});
                                if (typeof dw.ac._scheduleDataSubmission === "function") {
                                    dw.ac._scheduleDataSubmission();
                                }
                            }
                        } catch(err) {}
                        })();
                        /* ]]> */
                        // -->
                        </script>
                        <script type="text/javascript">//<!--
                        /* <![CDATA[ (viewProduct-active_data.js) */
                        dw.ac._capture({id: "2627789", type: "searchhit"});
                        /* ]]> */
                        // -->
                        </script>
                        <div class="product" data-pid="2627789">
                        <div class="product-tile pid-2627789 ct-product-tile data-layer-pushed" data-delay-time="3000" data-variants-mapping="[]" data-in-cart-msg="no carrinho" data-one-product-added="Adicionado ao carrinho" data-remove-from-cart-msg="Removido do carrinho" data-stay-open="6000.0" data-product-tile-impression="{&quot;name&quot;:&quot;2627789&quot;,&quot;id&quot;:&quot;2627789&quot;,&quot;price&quot;:5.49,&quot;brand&quot;:&quot;Ferrero Rocher&quot;,&quot;category&quot;:[{&quot;category_level_1&quot;:&quot;Mercearia&quot;},{&quot;category_level_2&quot;:&quot;Chocolate, Gomas e Rebuçados&quot;},{&quot;category_level_3&quot;:&quot;Bombons&quot;}],&quot;variant&quot;:&quot;&quot;}">
                        <div class="ct-inner-tile-wrap row no-gutters justify-content-center align-content-start">
                        
                        <div class="ct-image-container col-4 col-sm" data-confirmation-image="{&quot;url&quot;:&quot;https://www.continente.pt/dw/image/v2/BDVS_PRD/on/demandware.static/-/Sites-col-master-catalog/default/dw150e1359/images/col/262/2627789-frente.jpg?sw=87&amp;sh=80&quot;,&quot;fallbackimage&quot;:{&quot;url&quot;:&quot;https://www.continente.pt/dw/image/v2/BDVS_PRD/on/demandware.static/Sites-continente-Site/-/default/dw7c42b4da/images/noimagelarge_product.png?sw=87&amp;sh=80&quot;,&quot;title&quot;:&quot;Bombons de Chocolate com Recheio de Creme e Avelã&quot;,&quot;alt&quot;:&quot;Bombons de Chocolate com Recheio de Creme e Avelã&quot;},&quot;title&quot;:&quot;Bombons de Chocolate com Recheio de Creme e Avelã&quot;,&quot;alt&quot;:&quot;Bombons de Chocolate com Recheio de Creme e Avelã&quot;}">
                        <a href="https://www.continente.pt/produto/bombons-de-chocolate-com-recheio-de-creme-e-avela-ferrero-rocher-2627789.html?cgid=mercearias">
                        <picture class="intrinsic intrinsic--square">
                        <img class="ct-tile-image lazyloaded" loading="lazy" onerror="this.onerror=null;this.src='/on/demandware.static/Sites-continente-Site/-/default/dw7c42b4da/images/noimagelarge_product.png';" data-src="https://www.continente.pt/dw/image/v2/BDVS_PRD/on/demandware.static/-/Sites-col-master-catalog/default/dw150e1359/images/col/262/2627789-frente.jpg?sw=280&amp;sh=280" alt="Bombons de Chocolate com Recheio de Creme e Avelã" title="Bombons de Chocolate com Recheio de Creme e Avelã" src="https://www.continente.pt/dw/image/v2/BDVS_PRD/on/demandware.static/-/Sites-col-master-catalog/default/dw150e1359/images/col/262/2627789-frente.jpg?sw=280&amp;sh=280">
                        </picture>
                        </a>
                        <div class="color-swatches d-flex" style="margin-left: 5px;">
                        <div class="swatches d-flex">
                        </div>
                        </div>
                        </div>
                        <div class="ct-tile-body col col-sm-auto ">
                        <div class="ct-pdp-details">
                        <div class="ct-pdp-link">
                        <a class="ct-tile--description" href="https://www.continente.pt/produto/bombons-de-chocolate-com-recheio-de-creme-e-avela-ferrero-rocher-2627789.html?cgid=mercearias">Bombons de Chocolate com Recheio de Creme e Avelã</a>
                        <div class="ct-tile--favorite-top d-sm-none">
                        <button class="wishlist-toggler guest-mode inactive button button--tertiary" data-pid="2627789" data-add-url="https://www.continente.pt/on/demandware.store/Sites-continente-Site/default/Wishlist-AddProduct?pid=2627789" data-toggle="tooltip" aria-label="Adicionar aos favoritos " data-original-title="Adicionar aos favoritos" data-placement="top">
                        <svg class="active-content" width="100%" height="100%" viewBox="0 0 20 22" fill="none" xmlns="http://www.w3.org/2000/svg">
                        <path fill-rule="evenodd" clip-rule="evenodd" d="M0 1.53052C0 0.685236 0.692171 0 1.54601 0H15.0736C15.9274 0 16.6196 0.685235 16.6196 1.53052V13.4064L15.8127 13.922L14.2658 14.2658L12.7189 13.4064L10.6054 14.3818C10.4994 14.2451 10.3327 14.157 10.1452 14.157H6.76329C6.4431 14.157 6.18354 14.414 6.18354 14.731C6.18354 15.0479 6.4431 15.3049 6.76329 15.3049H10.1452C10.2478 15.3049 10.3441 15.2785 10.4277 15.2322L10.3126 16.8439L13.2345 20.2793H1.54601C0.69217 20.2793 0 19.5941 0 18.7488V1.53052ZM6.18354 5.5483C6.18354 5.23132 6.4431 4.97436 6.76329 4.97436H12.3676C12.6878 4.97436 12.9473 5.23132 12.9473 5.5483C12.9473 5.86528 12.6878 6.12224 12.3676 6.12224H6.76329C6.4431 6.12224 6.18354 5.86528 6.18354 5.5483ZM6.76329 11.0961C6.4431 11.0961 6.18354 11.3531 6.18354 11.6701C6.18354 11.987 6.4431 12.244 6.76329 12.244H12.3676C12.6878 12.244 12.9473 11.987 12.9473 11.6701C12.9473 11.3531 12.6878 11.0961 12.3676 11.0961H6.76329ZM6.18354 8.60985C6.18354 8.29287 6.4431 8.03591 6.76329 8.03591H12.3676C12.6878 8.03591 12.9473 8.29287 12.9473 8.60985C12.9473 8.92684 12.6878 9.1838 12.3676 9.1838H6.76329C6.4431 9.1838 6.18354 8.92684 6.18354 8.60985ZM3.67118 5.5483C3.67118 5.23132 3.93075 4.97436 4.25093 4.97436H4.63743C4.95762 4.97436 5.21719 5.23132 5.21719 5.5483C5.21719 5.86528 4.95762 6.12224 4.63743 6.12224H4.25093C3.93075 6.12224 3.67118 5.86528 3.67118 5.5483ZM4.25093 11.0961C3.93075 11.0961 3.67118 11.3531 3.67118 11.6701C3.67118 11.987 3.93075 12.244 4.25093 12.244H4.63743C4.95762 12.244 5.21719 11.987 5.21719 11.6701C5.21719 11.3531 4.95762 11.0961 4.63743 11.0961H4.25093ZM3.67118 8.60985C3.67118 8.29287 3.93075 8.03591 4.25093 8.03591H4.63743C4.95762 8.03591 5.21719 8.29287 5.21719 8.60985C5.21719 8.92684 4.95762 9.1838 4.63743 9.1838H4.25093C3.93075 9.1838 3.67118 8.92684 3.67118 8.60985ZM4.25093 14.157C3.93075 14.157 3.67118 14.414 3.67118 14.731C3.67118 15.0479 3.93075 15.3049 4.25093 15.3049H4.63743C4.95762 15.3049 5.21719 15.0479 5.21719 14.731C5.21719 14.414 4.95762 14.157 4.63743 14.157H4.25093Z" fill="#EB0203"></path>
                        <path fill-rule="evenodd" clip-rule="evenodd" d="M14.6252 13.6363C13.4918 12.6215 11.7817 12.5264 10.6569 13.4792C9.12421 14.7764 9.34841 16.8912 10.4409 18.0122L14.0159 21.6742C14.2197 21.8832 14.4928 22 14.7822 22C15.0737 22 15.3448 21.8852 15.5486 21.6762L19.1236 18.0142C20.214 16.8933 20.4423 14.7785 18.9075 13.4792C17.7827 12.5283 16.0724 12.6217 14.9391 13.6365C14.8855 13.6845 14.8331 13.7345 14.7822 13.7866C14.7313 13.7345 14.6789 13.6843 14.6252 13.6363ZM18.1546 14.3522C19.0973 15.1508 18.9962 16.4896 18.2891 17.2173C18.2888 17.2175 18.2886 17.2177 18.2884 17.218L14.7832 20.8084L11.2753 17.2151C11.2752 17.215 11.2751 17.2149 11.2749 17.2148C10.5677 16.4887 10.4678 15.1495 11.4104 14.3518L11.4108 14.3514C12.0745 13.7892 13.2018 13.82 13.9488 14.5846L14.7822 15.4378L15.6157 14.5846C16.3617 13.8211 17.4896 13.79 18.1545 14.3521" fill="#EB0203"></path>
                        </svg>
                        <svg class="inactive-content" width="100%" height="100%" viewBox="0 0 20 23" fill="none" xmlns="http://www.w3.org/2000/svg">
                        <path fill-rule="evenodd" clip-rule="evenodd" d="M6.18408 5.77914C6.18408 5.46223 6.44363 5.20532 6.7638 5.20532H12.3678C12.6879 5.20532 12.9475 5.46223 12.9475 5.77914C12.9475 6.09606 12.6879 6.35297 12.3678 6.35297H6.7638C6.44363 6.35297 6.18408 6.09606 6.18408 5.77914Z" fill="#EB0203"></path>
                        <path fill-rule="evenodd" clip-rule="evenodd" d="M6.18408 11.9034C6.18408 11.5865 6.44363 11.3296 6.7638 11.3296H12.3678C12.6879 11.3296 12.9475 11.5865 12.9475 11.9034C12.9475 12.2202 12.6879 12.4771 12.3678 12.4771H6.7638C6.44363 12.4771 6.18408 12.2202 6.18408 11.9034Z" fill="#EB0203"></path>
                        <path fill-rule="evenodd" clip-rule="evenodd" d="M6.18408 8.84116C6.18408 8.52424 6.44363 8.26733 6.7638 8.26733H12.3678C12.6879 8.26733 12.9475 8.52424 12.9475 8.84116C12.9475 9.15807 12.6879 9.41498 12.3678 9.41498H6.7638C6.44363 9.41498 6.18408 9.15807 6.18408 8.84116Z" fill="#EB0203"></path>
                        <path fill-rule="evenodd" clip-rule="evenodd" d="M6.18408 14.9655C6.18408 14.6486 6.44363 14.3917 6.7638 14.3917H10.1455C10.4657 14.3917 10.7252 14.6486 10.7252 14.9655C10.7252 15.2825 10.4657 15.5394 10.1455 15.5394H6.7638C6.44363 15.5394 6.18408 15.2825 6.18408 14.9655Z" fill="#EB0203"></path>
                        <path fill-rule="evenodd" clip-rule="evenodd" d="M3.67139 5.77914C3.67139 5.46223 3.93094 5.20532 4.25111 5.20532H4.63759C4.95776 5.20532 5.21731 5.46223 5.21731 5.77914C5.21731 6.09606 4.95776 6.35297 4.63759 6.35297H4.25111C3.93094 6.35297 3.67139 6.09606 3.67139 5.77914Z" fill="#EB0203"></path>
                        <path fill-rule="evenodd" clip-rule="evenodd" d="M3.67139 11.9034C3.67139 11.5865 3.93094 11.3296 4.25111 11.3296H4.63759C4.95776 11.3296 5.21731 11.5865 5.21731 11.9034C5.21731 12.2202 4.95776 12.4771 4.63759 12.4771H4.25111C3.93094 12.4771 3.67139 12.2202 3.67139 11.9034Z" fill="#EB0203"></path>
                        <path fill-rule="evenodd" clip-rule="evenodd" d="M3.67139 8.84116C3.67139 8.52424 3.93094 8.26733 4.25111 8.26733H4.63759C4.95776 8.26733 5.21731 8.52424 5.21731 8.84116C5.21731 9.15807 4.95776 9.41498 4.63759 9.41498H4.25111C3.93094 9.41498 3.67139 9.15807 3.67139 8.84116Z" fill="#EB0203"></path>
                        <path fill-rule="evenodd" clip-rule="evenodd" d="M3.67139 14.9655C3.67139 14.6486 3.93094 14.3917 4.25111 14.3917H4.63759C4.95776 14.3917 5.21731 14.6486 5.21731 14.9655C5.21731 15.2825 4.95776 15.5394 4.63759 15.5394H4.25111C3.93094 15.5394 3.67139 15.2825 3.67139 14.9655Z" fill="#EB0203"></path>
                        <path fill-rule="evenodd" clip-rule="evenodd" d="M0 1.76033C0 0.914738 0.692131 0.229248 1.54592 0.229248H15.0727C15.9265 0.229248 16.6186 0.914738 16.6186 1.76033V11.2818C16.6186 11.5989 16.3591 11.8559 16.0389 11.8559C15.7187 11.8559 15.4592 11.5989 15.4592 11.2818V1.76033C15.4592 1.54893 15.2862 1.37756 15.0727 1.37756H1.54592C1.33247 1.37756 1.15944 1.54893 1.15944 1.76033V18.985C1.15944 19.1964 1.33247 19.3678 1.54592 19.3678H9.27551C9.59568 19.3678 9.85523 19.6249 9.85523 19.942C9.85523 20.2591 9.59568 20.5161 9.27551 20.5161H1.54592C0.692131 20.5161 0 19.8306 0 18.985V1.76033Z" fill="#EB0203"></path>
                        <path fill-rule="evenodd" clip-rule="evenodd" d="M14.6254 13.8718C13.4921 12.8567 11.7821 12.7615 10.6574 13.7147C9.12472 15.0124 9.34891 17.128 10.4413 18.2493L14.0161 21.9126C14.2199 22.1217 14.493 22.2386 14.7824 22.2386C15.0739 22.2386 15.3449 22.1238 15.5487 21.9147L19.1235 18.2514C20.2139 17.13 20.4422 15.0144 18.9075 13.7147C17.7827 12.7634 16.0726 12.8569 14.9392 13.872C14.8856 13.92 14.8333 13.9701 14.7824 14.0222C14.7314 13.97 14.6791 13.9199 14.6254 13.8718ZM18.1546 14.588C19.0972 15.3869 18.9961 16.7262 18.2891 17.4541C18.2888 17.4543 18.2886 17.4546 18.2884 17.4548L14.7834 21.0466L11.2757 17.452C11.2756 17.4519 11.2755 17.4517 11.2753 17.4516C10.5681 16.7252 10.4682 15.3856 11.4108 14.5876L11.4112 14.5872C12.0748 14.0248 13.202 14.0556 13.949 14.8205L14.7824 15.674L15.6158 14.8205C16.3618 14.0567 17.4896 14.0256 18.1545 14.5879" fill="#EB0203"></path>
                        </svg>
                        </button>
                        </div>
                        </div>
                        <p class="ct-tile--brand">Ferrero Rocher</p>
                        <p class="ct-tile--quantity">emb. 200 gr</p>
                        </div>
                        <div class="ct-tile-bottom row no-gutters justify-content-between">
                        <div class="ct-price-wrap col-8 col-sm-12">
                        <div class="price js-product-price">
                        <div class="prices-wrapper">
                        <span class="sales ct-tile--price-primary ">
                        <span class="value" content="5.49">
                        <span class="ct-price-formatted">
                        €5,49
                        </span>
                        <span class="ct-m-unit">
                        /un
                        </span>
                        </span>
                        </span>
                        </div>
                        <div class="ct-tile--price-secondary">
                        <span class="ct-price-value">
                        €27,45
                        </span>
                        <span class="ct-m-unit">
                        /kg
                        </span>
                        </div>
                        </div>
                        </div>
                        <div class="ct-tile-buy-section d-flex justify-content-center no-gutters col-auto col-sm-12">
                         <div class="col-2 d-sm-flex d-none">
                        <button class="wishlist-toggler guest-mode inactive button button--tertiary" data-pid="2627789" data-add-url="https://www.continente.pt/on/demandware.store/Sites-continente-Site/default/Wishlist-AddProduct?pid=2627789" data-toggle="tooltip" aria-label="Adicionar aos favoritos " data-original-title="Adicionar aos favoritos" data-placement="top">
                        <svg class="active-content" width="100%" height="100%" viewBox="0 0 20 22" fill="none" xmlns="http://www.w3.org/2000/svg">
                        <path fill-rule="evenodd" clip-rule="evenodd" d="M0 1.53052C0 0.685236 0.692171 0 1.54601 0H15.0736C15.9274 0 16.6196 0.685235 16.6196 1.53052V13.4064L15.8127 13.922L14.2658 14.2658L12.7189 13.4064L10.6054 14.3818C10.4994 14.2451 10.3327 14.157 10.1452 14.157H6.76329C6.4431 14.157 6.18354 14.414 6.18354 14.731C6.18354 15.0479 6.4431 15.3049 6.76329 15.3049H10.1452C10.2478 15.3049 10.3441 15.2785 10.4277 15.2322L10.3126 16.8439L13.2345 20.2793H1.54601C0.69217 20.2793 0 19.5941 0 18.7488V1.53052ZM6.18354 5.5483C6.18354 5.23132 6.4431 4.97436 6.76329 4.97436H12.3676C12.6878 4.97436 12.9473 5.23132 12.9473 5.5483C12.9473 5.86528 12.6878 6.12224 12.3676 6.12224H6.76329C6.4431 6.12224 6.18354 5.86528 6.18354 5.5483ZM6.76329 11.0961C6.4431 11.0961 6.18354 11.3531 6.18354 11.6701C6.18354 11.987 6.4431 12.244 6.76329 12.244H12.3676C12.6878 12.244 12.9473 11.987 12.9473 11.6701C12.9473 11.3531 12.6878 11.0961 12.3676 11.0961H6.76329ZM6.18354 8.60985C6.18354 8.29287 6.4431 8.03591 6.76329 8.03591H12.3676C12.6878 8.03591 12.9473 8.29287 12.9473 8.60985C12.9473 8.92684 12.6878 9.1838 12.3676 9.1838H6.76329C6.4431 9.1838 6.18354 8.92684 6.18354 8.60985ZM3.67118 5.5483C3.67118 5.23132 3.93075 4.97436 4.25093 4.97436H4.63743C4.95762 4.97436 5.21719 5.23132 5.21719 5.5483C5.21719 5.86528 4.95762 6.12224 4.63743 6.12224H4.25093C3.93075 6.12224 3.67118 5.86528 3.67118 5.5483ZM4.25093 11.0961C3.93075 11.0961 3.67118 11.3531 3.67118 11.6701C3.67118 11.987 3.93075 12.244 4.25093 12.244H4.63743C4.95762 12.244 5.21719 11.987 5.21719 11.6701C5.21719 11.3531 4.95762 11.0961 4.63743 11.0961H4.25093ZM3.67118 8.60985C3.67118 8.29287 3.93075 8.03591 4.25093 8.03591H4.63743C4.95762 8.03591 5.21719 8.29287 5.21719 8.60985C5.21719 8.92684 4.95762 9.1838 4.63743 9.1838H4.25093C3.93075 9.1838 3.67118 8.92684 3.67118 8.60985ZM4.25093 14.157C3.93075 14.157 3.67118 14.414 3.67118 14.731C3.67118 15.0479 3.93075 15.3049 4.25093 15.3049H4.63743C4.95762 15.3049 5.21719 15.0479 5.21719 14.731C5.21719 14.414 4.95762 14.157 4.63743 14.157H4.25093Z" fill="#EB0203"></path>
                        <path fill-rule="evenodd" clip-rule="evenodd" d="M14.6252 13.6363C13.4918 12.6215 11.7817 12.5264 10.6569 13.4792C9.12421 14.7764 9.34841 16.8912 10.4409 18.0122L14.0159 21.6742C14.2197 21.8832 14.4928 22 14.7822 22C15.0737 22 15.3448 21.8852 15.5486 21.6762L19.1236 18.0142C20.214 16.8933 20.4423 14.7785 18.9075 13.4792C17.7827 12.5283 16.0724 12.6217 14.9391 13.6365C14.8855 13.6845 14.8331 13.7345 14.7822 13.7866C14.7313 13.7345 14.6789 13.6843 14.6252 13.6363ZM18.1546 14.3522C19.0973 15.1508 18.9962 16.4896 18.2891 17.2173C18.2888 17.2175 18.2886 17.2177 18.2884 17.218L14.7832 20.8084L11.2753 17.2151C11.2752 17.215 11.2751 17.2149 11.2749 17.2148C10.5677 16.4887 10.4678 15.1495 11.4104 14.3518L11.4108 14.3514C12.0745 13.7892 13.2018 13.82 13.9488 14.5846L14.7822 15.4378L15.6157 14.5846C16.3617 13.8211 17.4896 13.79 18.1545 14.3521" fill="#EB0203"></path>
                        </svg>
                        <svg class="inactive-content" width="100%" height="100%" viewBox="0 0 20 23" fill="none" xmlns="http://www.w3.org/2000/svg">
                        <path fill-rule="evenodd" clip-rule="evenodd" d="M6.18408 5.77914C6.18408 5.46223 6.44363 5.20532 6.7638 5.20532H12.3678C12.6879 5.20532 12.9475 5.46223 12.9475 5.77914C12.9475 6.09606 12.6879 6.35297 12.3678 6.35297H6.7638C6.44363 6.35297 6.18408 6.09606 6.18408 5.77914Z" fill="#EB0203"></path>
                        <path fill-rule="evenodd" clip-rule="evenodd" d="M6.18408 11.9034C6.18408 11.5865 6.44363 11.3296 6.7638 11.3296H12.3678C12.6879 11.3296 12.9475 11.5865 12.9475 11.9034C12.9475 12.2202 12.6879 12.4771 12.3678 12.4771H6.7638C6.44363 12.4771 6.18408 12.2202 6.18408 11.9034Z" fill="#EB0203"></path>
                        <path fill-rule="evenodd" clip-rule="evenodd" d="M6.18408 8.84116C6.18408 8.52424 6.44363 8.26733 6.7638 8.26733H12.3678C12.6879 8.26733 12.9475 8.52424 12.9475 8.84116C12.9475 9.15807 12.6879 9.41498 12.3678 9.41498H6.7638C6.44363 9.41498 6.18408 9.15807 6.18408 8.84116Z" fill="#EB0203"></path>
                        <path fill-rule="evenodd" clip-rule="evenodd" d="M6.18408 14.9655C6.18408 14.6486 6.44363 14.3917 6.7638 14.3917H10.1455C10.4657 14.3917 10.7252 14.6486 10.7252 14.9655C10.7252 15.2825 10.4657 15.5394 10.1455 15.5394H6.7638C6.44363 15.5394 6.18408 15.2825 6.18408 14.9655Z" fill="#EB0203"></path>
                        <path fill-rule="evenodd" clip-rule="evenodd" d="M3.67139 5.77914C3.67139 5.46223 3.93094 5.20532 4.25111 5.20532H4.63759C4.95776 5.20532 5.21731 5.46223 5.21731 5.77914C5.21731 6.09606 4.95776 6.35297 4.63759 6.35297H4.25111C3.93094 6.35297 3.67139 6.09606 3.67139 5.77914Z" fill="#EB0203"></path>
                        <path fill-rule="evenodd" clip-rule="evenodd" d="M3.67139 11.9034C3.67139 11.5865 3.93094 11.3296 4.25111 11.3296H4.63759C4.95776 11.3296 5.21731 11.5865 5.21731 11.9034C5.21731 12.2202 4.95776 12.4771 4.63759 12.4771H4.25111C3.93094 12.4771 3.67139 12.2202 3.67139 11.9034Z" fill="#EB0203"></path>
                        <path fill-rule="evenodd" clip-rule="evenodd" d="M3.67139 8.84116C3.67139 8.52424 3.93094 8.26733 4.25111 8.26733H4.63759C4.95776 8.26733 5.21731 8.52424 5.21731 8.84116C5.21731 9.15807 4.95776 9.41498 4.63759 9.41498H4.25111C3.93094 9.41498 3.67139 9.15807 3.67139 8.84116Z" fill="#EB0203"></path>
                        <path fill-rule="evenodd" clip-rule="evenodd" d="M3.67139 14.9655C3.67139 14.6486 3.93094 14.3917 4.25111 14.3917H4.63759C4.95776 14.3917 5.21731 14.6486 5.21731 14.9655C5.21731 15.2825 4.95776 15.5394 4.63759 15.5394H4.25111C3.93094 15.5394 3.67139 15.2825 3.67139 14.9655Z" fill="#EB0203"></path>
                        <path fill-rule="evenodd" clip-rule="evenodd" d="M0 1.76033C0 0.914738 0.692131 0.229248 1.54592 0.229248H15.0727C15.9265 0.229248 16.6186 0.914738 16.6186 1.76033V11.2818C16.6186 11.5989 16.3591 11.8559 16.0389 11.8559C15.7187 11.8559 15.4592 11.5989 15.4592 11.2818V1.76033C15.4592 1.54893 15.2862 1.37756 15.0727 1.37756H1.54592C1.33247 1.37756 1.15944 1.54893 1.15944 1.76033V18.985C1.15944 19.1964 1.33247 19.3678 1.54592 19.3678H9.27551C9.59568 19.3678 9.85523 19.6249 9.85523 19.942C9.85523 20.2591 9.59568 20.5161 9.27551 20.5161H1.54592C0.692131 20.5161 0 19.8306 0 18.985V1.76033Z" fill="#EB0203"></path>
                        <path fill-rule="evenodd" clip-rule="evenodd" d="M14.6254 13.8718C13.4921 12.8567 11.7821 12.7615 10.6574 13.7147C9.12472 15.0124 9.34891 17.128 10.4413 18.2493L14.0161 21.9126C14.2199 22.1217 14.493 22.2386 14.7824 22.2386C15.0739 22.2386 15.3449 22.1238 15.5487 21.9147L19.1235 18.2514C20.2139 17.13 20.4422 15.0144 18.9075 13.7147C17.7827 12.7634 16.0726 12.8569 14.9392 13.872C14.8856 13.92 14.8333 13.9701 14.7824 14.0222C14.7314 13.97 14.6791 13.9199 14.6254 13.8718ZM18.1546 14.588C19.0972 15.3869 18.9961 16.7262 18.2891 17.4541C18.2888 17.4543 18.2886 17.4546 18.2884 17.4548L14.7834 21.0466L11.2757 17.452C11.2756 17.4519 11.2755 17.4517 11.2753 17.4516C10.5681 16.7252 10.4682 15.3856 11.4108 14.5876L11.4112 14.5872C12.0748 14.0248 13.202 14.0556 13.949 14.8205L14.7824 15.674L15.6158 14.8205C16.3618 14.0567 17.4896 14.0256 18.1545 14.5879" fill="#EB0203"></path>
                        </svg>
                        </button>
                        </div>
                        <div class="col-sm-10 col-12">
                        <div class="ct-tile-quantity d-none" data-pid="2627789">
                        <input type="hidden" class="add-to-cart-url" value="https://www.continente.pt/on/demandware.store/Sites-continente-Site/default/Cart-AddProduct">
                        <div class="d-none tile-delete-confirmation-btn" data-pid="2627789" data-delay-time="3000" data-in-cart-msg="no carrinho" data-one-product-added="Adicionado ao carrinho" data-remove-from-cart-msg="Removido do carrinho" data-stay-open="6000.0" data-confirmation-image="{&quot;url&quot;:&quot;https://www.continente.pt/dw/image/v2/BDVS_PRD/on/demandware.static/-/Sites-col-master-catalog/default/dw150e1359/images/col/262/2627789-frente.jpg?sw=87&amp;sh=80&quot;,&quot;fallbackimage&quot;:{&quot;url&quot;:&quot;https://www.continente.pt/dw/image/v2/BDVS_PRD/on/demandware.static/Sites-continente-Site/-/default/dw7c42b4da/images/noimagelarge_product.png?sw=87&amp;sh=80&quot;,&quot;title&quot;:&quot;Bombons de Chocolate com Recheio de Creme e Avelã&quot;,&quot;alt&quot;:&quot;Bombons de Chocolate com Recheio de Creme e Avelã&quot;},&quot;title&quot;:&quot;Bombons de Chocolate com Recheio de Creme e Avelã&quot;,&quot;alt&quot;:&quot;Bombons de Chocolate com Recheio de Creme e Avelã&quot;}"></div>
                        <div class="ct-tile-quantity-update quantity-update product-qty-vue" data-remove-action="https://www.continente.pt/on/demandware.store/Sites-continente-Site/default/Cart-RemoveProductLineItem" data-action="https://www.continente.pt/on/demandware.store/Sites-continente-Site/default/Cart-UpdateQuantity" data-dimension-update="https://www.continente.pt/on/demandware.store/Sites-continente-Site/default/Cart-DimensionUpdate" data-pid="2627789" data-uuid="4e6b4e7846e85759b4c393540c" data-add-delay="500.0" data-measure-options="{&quot;hasConversionRate&quot;:false,&quot;hasAlternativeSaleUnit&quot;:false,&quot;unitConversionRate&quot;:null,&quot;minOrderQuantity&quot;:1,&quot;stepQuantity&quot;:1,&quot;primaryunit&quot;:&quot;un&quot;,&quot;secondaryunit&quot;:&quot;kg&quot;,&quot;selectedunit&quot;:&quot;primary&quot;,&quot;maxNumberOfUnitsPerSale&quot;:50}" data-price-available="null" :data-has-error="isMaxQtyReached || isMinQtyReached || qtySelectedMoreThanOne">
                        <template v-show="prodUnits">
                        <div class="quantity-input-wrapper has-units">
                        <label class="visually-hidden" :for="'quantity-' + pid + additionalTag">
                        Quantidade no carrinho
                        </label>
                        <input :ref="'quantityInput-' + pid + additionalTag" class="add-to-cart-quantity form-control ct-form-input text-center" inputmode="numeric" :class="{'is-invalid': isInvalid}" :data-pid="pid + additionalTag" :name="'quantity-' + pid + additionalTag" type="text" aria-label="Insira a quantidade" title="" v-model="displayValue" @change="updateQuantity" @focus="updateQtyFormat" @blur="restoreQtyFormat" :disabled="!isPriceAvailable">
                        <span class="quantity-icon quantity-icon--minus">
                        <button class="decrease-quantity-btn" @click="updateQuantity" :disabled="!isPriceAvailable" role="button" aria-label="Reduzir quantidade">
                        <i class="css-math-minus"></i>
                        </button>
                        </span>
                        <span class="quantity-icon quantity-icon--plus">
                        <button class="increase-quantity-btn" @click="updateQuantity" :disabled="isMaxQtyReached || !isPriceAvailable" role="button" aria-label="Aumentar quantidade">
                        <i class="css-math-plus"></i>
                        </button>
                        <span class="quantity-btn-disabled-placeholder"></span>
                        </span>
                        <template v-if="isPDP">
                        <span class="quantity-error ct-span-error text-sm-center product-max-allocation" v-if="isMaxQtyReached">
                        Quantidade máxima atingida
                        </span>
                        <span class="quantity-error ct-span-product text-sm-center product-allocation" v-if="!isMinQtyReached &amp;&amp; !isMaxQtyReached">
                        {{quantitySelected}} no carrinho
                        </span>
                        <span class="quantity-error ct-span-error text-sm-center product-min-allocation" :data-pid="pid" v-if="isMinQtyReached &amp;&amp; !isMaxQtyReached">
                        Quantidade mínima atingida
                        </span>
                        </template>
                        </div>
                        <template v-if="showNotes">
                        <div class="add-note-link-container ">
                        <div class="add-note">
                        <a href="/produto/bombons-de-chocolate-com-recheio-de-creme-e-avela-ferrero-rocher-2627789.html?showNote=true" class="ct-add-note-redirect-pdp" aria-label="Adicionar comentário">
                        <span class="svg-wrapper svg-icon-notes" style="width:19px; height:20px">
                        <svg class="svg-inline icon-notes" viewBox="0 0 28 30" xmlns="http://www.w3.org/2000/svg" width="100%" height="100%"><path d="M21.738 0C22.985 0 24 1.04 24 2.319V12.47c0 .469-.37.848-.828.848-.457 0-.827-.38-.827-.848V2.32c0-.343-.273-.622-.607-.622H2.262c-.334 0-.607.279-.607.622V27.68c0 .343.273.622.607.622h7.81c.457 0 .827.38.827.849 0 .468-.37.848-.827.848h-7.81C1.015 30 0 28.96 0 27.681V2.32C0 1.04 1.015 0 2.262 0h19.476zm2.844 16.004l.227.007c.823.053 1.589.39 2.176.964.64.627.993 1.46.993 2.349 0 .888-.353 1.722-.993 2.348l-6.83 6.665c-.11.108-.247.186-.397.226l-5.032 1.363c-.078.021-.16.032-.241.032-.242 0-.478-.097-.647-.266-.23-.231-.314-.566-.218-.874l1.49-4.798c.044-.139.122-.266.227-.369l6.844-6.677c.64-.625 1.493-.97 2.401-.97zm-2.886 3.94l-4.922 4.802-.947 3.048 3.22-.872 4.897-4.78-2.248-2.197zm2.887-2.174c-.425 0-.824.162-1.124.455l-.484.472 2.248 2.197.484-.472c.62-.606.62-1.591 0-2.197l-.117-.104c-.283-.227-.636-.35-1.007-.35zm-10.839.022c.498 0 .904.396.904.883 0 .488-.406.884-.904.884H5.946c-.499 0-.904-.396-.904-.884 0-.487.405-.883.904-.883zm5.042-4.876c.498 0 .904.397.904.884s-.406.884-.904.884H5.946c-.499 0-.904-.397-.904-.884s.405-.884.904-.884zm0-4.875c.498 0 .904.396.904.884 0 .487-.406.883-.904.883H5.946c-.499 0-.904-.396-.904-.883 0-.488.405-.884.904-.884z" fill="#EB0203" fill-rule="evenodd"></path></svg>
                        </span>
                        <div class="available-note d-none"></div>
                        </a>
                        </div>
                        </div>
                        </template>
                        <div class="measurement-unit-section" v-if="isPriceAvailable &amp;&amp; prodUnits ? prodUnits.hasAlternativeUnit : false">
                        <div class="ct-form-radio" @click="setDimension">
                        <input type="radio" title="" class="ct-form-check-input product-measurement-unit" :data-type="prodUnits.selectedUnit == prodUnits.secondaryUnit ? 'primary' : ''" :id="prodUnits.secondaryUnit + '-' + pid + '-measurement-unit-ptile' + additionalTag" :name="'measurement-unit-' + pid + '-ptile' + additionalTag" :value="prodUnits.secondaryUnit" v-model="prodUnits.selectedUnit">
                        <label :class="prodUnits.secondaryUnit + '-label ct-form-check-label mb-0'" :for="prodUnits.secondaryUnit + '-' + pid + '-measurement-unit-ptile' + additionalTag">
                        {{prodUnits.secondaryUnit}}
                        </label>
                        <span class="checkmark"></span>
                        </div>
                        <div class="ct-form-radio" @click="setDimension">
                        <input type="radio" title="" class="ct-form-check-input product-measurement-unit" :data-type="prodUnits.selectedUnit == prodUnits.primaryUnit ? 'primary' : ''" :id="prodUnits.primaryUnit + '-' + pid + '-measurement-unit-ptile' + additionalTag" :name="'measurement-unit-' + pid + '-ptile' + additionalTag" :value="prodUnits.primaryUnit" v-model="prodUnits.selectedUnit">
                        <label :class="prodUnits.primaryUnit + '-label ct-form-check-label mb-0'" :for="prodUnits.primaryUnit + '-' + pid + '-measurement-unit-ptile' + additionalTag">
                        {{prodUnits.primaryUnit}}
                        </label>
                        <span class="checkmark"></span>
                        </div>
                        </div>
                        <template v-if="!isPDP &amp;&amp; isPriceAvailable">
                        <span class="quantity-error ct-span-error product-max-allocation" v-if="isMaxQtyReached">
                        Quantidade máxima atingida
                        </span>
                        <span class="quantity-error ct-span-product product-allocation" v-if="!isMinQtyReached &amp;&amp; !isMaxQtyReached">
                        {{quantitySelected}} no carrinho
                        </span>
                        <span class="quantity-error ct-span-error product-min-allocation" :data-pid="pid" v-if="isMinQtyReached &amp;&amp; !isMaxQtyReached">
                        Quantidade mínima atingida
                        </span>
                        </template>
                        </template>
                        </div>
                        <input class="quantity-value-mask d-none" name="quantity" type="number" min="0" value="">
                        </div>
                        <button type="button" class="add-to-cart button js-add-to-cart js-add-to-cart-tile 2627789 button--primary dynamic-layout-btn" data-toggle="modal" data-target="#chooseBonusProductModal" data-pid="2627789" data-quantity-value="null" aria-label="Carrinho">
                        <span class="d-block d-sm-none">
                        <span class="svg-wrapper svg-icon-cart" style="width:20px; height:20px">
                        <svg class="svg-inline icon-cart" xmlns="http://www.w3.org/2000/svg" viewBox="0 0 500 500" width="100%" height="100%"><path fill="#EB0203" fill-rule="evenodd" d="M 485.67317,94.386311 C 476.37798,83.847129 463.09468,78.03348 448.30404,78.03348 H 90.690813 L 87.079511,51.327997 C 83.185582,22.539551 62.962285,0 41.011841,0 H 14.727836 C 6.563151,0 0,6.5286975 0,14.580758 c 0,8.05206 6.5945535,14.580758 14.727836,14.580758 h 26.284005 c 4.710398,0 14.696435,9.855222 16.894619,26.021523 L 100.01739,368.0631 c 1.88416,13.77244 9.01256,26.70549 20.1605,36.37417 8.25889,7.15046 18.02511,11.9071 28.26237,13.89679 -4.17655,7.58572 -6.53175,16.25957 -6.53175,25.493 0,29.53459 24.27424,53.59751 54.13815,53.59751 29.8325,0 54.13814,-24.03184 54.13814,-53.59751 0,-8.79818 -2.19818,-17.09897 -5.9979,-24.43598 h 77.12488 c -3.79973,7.33701 -5.96652,15.6378 -5.96652,24.43598 0,29.53459 24.27424,53.59751 54.13817,53.59751 29.83249,0 54.13814,-24.03184 54.13814,-53.59751 0,-8.79818 -2.1982,-17.09897 -5.9979,-24.43598 h 38.56243 c 8.13328,0 14.72783,-6.5287 14.72783,-14.61183 0,-8.02098 -6.59455,-14.54967 -14.72783,-14.54967 H 159.24277 c -14.38241,0 -28.13677,-11.90711 -30.02092,-26.02153 l -3.07746,-22.88154 h 290.6314 c 14.03698,0 27.94834,-5.28513 39.06488,-14.95381 11.11652,-9.6376 18.27632,-22.57065 20.16048,-36.37417 l 21.10259,-156.78201 c 1.94694,-14.51858 -2.10398,-28.29103 -11.43057,-38.861299 z M 220.76053,443.82706 c 0,13.49265 -11.08513,24.46709 -24.68247,24.46709 -13.62874,0 -24.71387,-10.97444 -24.71387,-24.46709 0,-13.49262 11.08513,-24.43598 24.71387,-24.43598 13.59734,0 24.68247,10.94336 24.68247,24.43598 z m 173.43675,0 c 0,13.49265 -11.08512,24.46709 -24.68245,24.46709 -13.62876,0 -24.71388,-10.97444 -24.71388,-24.46709 0,-13.49262 11.08512,-24.43598 24.71388,-24.43598 13.59733,0 24.68245,10.94336 24.68245,24.43598 z m 73.7648,-314.46558 -21.13397,156.782 c -1.88416,14.11442 -15.63851,26.05261 -30.02091,26.05261 H 122.25046 L 94.616142,107.19499 H 448.33544 c 6.18632,0 11.61896,2.2695 15.23028,6.37326 3.64269,4.13484 5.21283,9.73086 4.39636,15.79323 z"></path></svg>
                        </span>
                        </span>
                        
                        <span class="add-to-cart--text d-none d-sm-block">Carrinho</span>
                        </button>
                        </div>
                        </div>
                         </div>
                        </div>
                        
                        <div class="col-12 d-sm-none">
                        </div>
                        </div>
                        </div>
                        </div>
                        </div>
                        <div class="col-12 col-sm-3 col-lg-2 productTile" data-idx="2">
                        
                        <script type="text/javascript">//<!--
                        /* <![CDATA[ */
                        (function(){
                        try {
                            if(window.CQuotient) {
                            var cq_params = {};
                            
                            cq_params.cookieId = window.CQuotient.getCQCookieId();
                            cq_params.userId = window.CQuotient.getCQUserId();
                            cq_params.emailId = CQuotient.getCQHashedEmail();
                            cq_params.loginId = CQuotient.getCQHashedLogin();
                            cq_params.accumulate = true;
                            cq_params.products = [{
                                id: '7462041',
                                sku: ''
                            }];
                            cq_params.categoryId = 'mercearias';
                            cq_params.refinements = '[{\"name\":\"priceMin\",\"value\":\"0.01\"},{\"name\":\"priceMax\",\"value\":\"null\"},{\"name\":\"curr\",\"value\":\"EUR\"},{\"name\":\"Category\",\"value\":\"mercearias\"}]';
                            cq_params.personalized = 'false';
                            cq_params.sortingRule = 'FOOD_Mercearia';
                            cq_params.imageUUID = '__UNDEFINED__';
                            cq_params.realm = "BDVS";
                            cq_params.siteId = "continente";
                            cq_params.instanceType = "prd";
                            cq_params.queryLocale = "default";
                            cq_params.locale = window.CQuotient.locale;
                            
                            if(window.CQuotient.sendActivity)
                                window.CQuotient.sendActivity(CQuotient.clientId, 'viewCategory', cq_params);
                            else
                                window.CQuotient.activities.push({
                                    activityType: 'viewCategory',
                                    parameters: cq_params
                                });
                          }
                        } catch(err) {}
                        })();
                        /* ]]> */
                        // -->
                        </script>
                        <script type="text/javascript">//<!--
                        /* <![CDATA[ (viewCategoryProduct-active_data.js) */
                        (function(){
                        try {
                            if (dw.ac) {
                                var search_params = {};
                                search_params.persd = 'false';
                                search_params.refs = '[{\"name\":\"priceMin\",\"value\":\"0.01\"},{\"name\":\"priceMax\",\"value\":\"null\"},{\"name\":\"curr\",\"value\":\"EUR\"},{\"name\":\"Category\",\"value\":\"mercearias\"}]';
                                search_params.sort = 'FOOD_Mercearia';
                                search_params.imageUUID = '';
                                search_params.searchID = 'afeeff71-841d-471a-a4b6-1885a5ac2689';
                                search_params.locale = 'default';
                                search_params.queryLocale = 'default';
                                search_params.showProducts = 'true';
                                dw.ac.applyContext({category: "mercearias", searchData: search_params});
                                if (typeof dw.ac._scheduleDataSubmission === "function") {
                                    dw.ac._scheduleDataSubmission();
                                }
                            }
                        } catch(err) {}
                        })();
                        /* ]]> */
                        // -->
                        </script>
                        <script type="text/javascript">//<!--
                        /* <![CDATA[ (viewProduct-active_data.js) */
                        dw.ac._capture({id: "7462041", type: "searchhit"});
                        /* ]]> */
                        // -->
                        </script>
                        <div class="product" data-pid="7462041">
                        <div class="product-tile pid-7462041 ct-product-tile data-layer-pushed" data-delay-time="3000" data-variants-mapping="[]" data-in-cart-msg="no carrinho" data-one-product-added="Adicionado ao carrinho" data-remove-from-cart-msg="Removido do carrinho" data-stay-open="6000.0" data-product-tile-impression="{&quot;name&quot;:&quot;7462041&quot;,&quot;id&quot;:&quot;7462041&quot;,&quot;price&quot;:10.99,&quot;brand&quot;:&quot;Buondi&quot;,&quot;category&quot;:[{&quot;category_level_1&quot;:&quot;Mercearia&quot;},{&quot;category_level_2&quot;:&quot;Café, Chá e Chocolate Solúvel&quot;},{&quot;category_level_3&quot;:&quot;Café em Cápsulas&quot;}],&quot;variant&quot;:&quot;&quot;}">
                        <div class="ct-inner-tile-wrap row no-gutters justify-content-center align-content-start">
                        
                        <div class="ct-image-container col-4 col-sm" data-confirmation-image="{&quot;url&quot;:&quot;https://www.continente.pt/dw/image/v2/BDVS_PRD/on/demandware.static/-/Sites-col-master-catalog/default/dw2e92b9b3/images/col/746/7462041-hero.jpg?sw=87&amp;sh=80&quot;,&quot;fallbackimage&quot;:{&quot;url&quot;:&quot;https://www.continente.pt/dw/image/v2/BDVS_PRD/on/demandware.static/Sites-continente-Site/-/default/dw7c42b4da/images/noimagelarge_product.png?sw=87&amp;sh=80&quot;,&quot;title&quot;:&quot;Cápsulas de Café Buondi&quot;,&quot;alt&quot;:&quot;Cápsulas de Café Buondi&quot;},&quot;title&quot;:&quot;Cápsulas de Café Buondi&quot;,&quot;alt&quot;:&quot;Cápsulas de Café Buondi&quot;}">
                        <a href="https://www.continente.pt/produto/capsulas-de-cafe-buondi-buondi-7462041.html?cgid=mercearias">
                        <picture class="intrinsic intrinsic--square">
                        <img class="ct-tile-image lazyloaded" loading="lazy" onerror="this.onerror=null;this.src='/on/demandware.static/Sites-continente-Site/-/default/dw7c42b4da/images/noimagelarge_product.png';" data-src="https://www.continente.pt/dw/image/v2/BDVS_PRD/on/demandware.static/-/Sites-col-master-catalog/default/dw2e92b9b3/images/col/746/7462041-hero.jpg?sw=280&amp;sh=280" alt="Cápsulas de Café Buondi" title="Cápsulas de Café Buondi" src="https://www.continente.pt/dw/image/v2/BDVS_PRD/on/demandware.static/-/Sites-col-master-catalog/default/dw2e92b9b3/images/col/746/7462041-hero.jpg?sw=280&amp;sh=280">
                        </picture>
                        </a>
                        <div class=" ct-product-tile-badge ct-product-tile-badge--general">
                        <img class="img-fluid ct-tooltip-trigger lazyloaded" loading="lazy" data-src="https://www.continente.pt/dw/image/v2/BDVS_PRD/on/demandware.static/-/Sites-continente-Library/default/dwe6f697b0/images/badges/general/col/exclusivo-online.png?sw=25&amp;sh=25" alt="Crachá do produto" title="" data-toggle="tooltip" data-placement="right" data-original-title="Exclusivo Online" src="https://www.continente.pt/dw/image/v2/BDVS_PRD/on/demandware.static/-/Sites-continente-Library/default/dwe6f697b0/images/badges/general/col/exclusivo-online.png?sw=25&amp;sh=25">
                        </div>
                        <div class="color-swatches d-flex" style="margin-left: 5px;">
                        <div class="swatches d-flex">
                        </div>
                        </div>
                        </div>
                        <div class="ct-tile-body col col-sm-auto ">
                        <div class="ct-pdp-details">
                        <div class="ct-pdp-link">
                        <a class="ct-tile--description" href="https://www.continente.pt/produto/capsulas-de-cafe-buondi-buondi-7462041.html?cgid=mercearias">Cápsulas de Café Buondi</a>
                        <div class="ct-tile--favorite-top d-sm-none">
                        <button class="wishlist-toggler guest-mode inactive button button--tertiary" data-pid="7462041" data-add-url="https://www.continente.pt/on/demandware.store/Sites-continente-Site/default/Wishlist-AddProduct?pid=7462041" data-toggle="tooltip" aria-label="Adicionar aos favoritos " data-original-title="Adicionar aos favoritos" data-placement="top">
                        <svg class="active-content" width="100%" height="100%" viewBox="0 0 20 22" fill="none" xmlns="http://www.w3.org/2000/svg">
                        <path fill-rule="evenodd" clip-rule="evenodd" d="M0 1.53052C0 0.685236 0.692171 0 1.54601 0H15.0736C15.9274 0 16.6196 0.685235 16.6196 1.53052V13.4064L15.8127 13.922L14.2658 14.2658L12.7189 13.4064L10.6054 14.3818C10.4994 14.2451 10.3327 14.157 10.1452 14.157H6.76329C6.4431 14.157 6.18354 14.414 6.18354 14.731C6.18354 15.0479 6.4431 15.3049 6.76329 15.3049H10.1452C10.2478 15.3049 10.3441 15.2785 10.4277 15.2322L10.3126 16.8439L13.2345 20.2793H1.54601C0.69217 20.2793 0 19.5941 0 18.7488V1.53052ZM6.18354 5.5483C6.18354 5.23132 6.4431 4.97436 6.76329 4.97436H12.3676C12.6878 4.97436 12.9473 5.23132 12.9473 5.5483C12.9473 5.86528 12.6878 6.12224 12.3676 6.12224H6.76329C6.4431 6.12224 6.18354 5.86528 6.18354 5.5483ZM6.76329 11.0961C6.4431 11.0961 6.18354 11.3531 6.18354 11.6701C6.18354 11.987 6.4431 12.244 6.76329 12.244H12.3676C12.6878 12.244 12.9473 11.987 12.9473 11.6701C12.9473 11.3531 12.6878 11.0961 12.3676 11.0961H6.76329ZM6.18354 8.60985C6.18354 8.29287 6.4431 8.03591 6.76329 8.03591H12.3676C12.6878 8.03591 12.9473 8.29287 12.9473 8.60985C12.9473 8.92684 12.6878 9.1838 12.3676 9.1838H6.76329C6.4431 9.1838 6.18354 8.92684 6.18354 8.60985ZM3.67118 5.5483C3.67118 5.23132 3.93075 4.97436 4.25093 4.97436H4.63743C4.95762 4.97436 5.21719 5.23132 5.21719 5.5483C5.21719 5.86528 4.95762 6.12224 4.63743 6.12224H4.25093C3.93075 6.12224 3.67118 5.86528 3.67118 5.5483ZM4.25093 11.0961C3.93075 11.0961 3.67118 11.3531 3.67118 11.6701C3.67118 11.987 3.93075 12.244 4.25093 12.244H4.63743C4.95762 12.244 5.21719 11.987 5.21719 11.6701C5.21719 11.3531 4.95762 11.0961 4.63743 11.0961H4.25093ZM3.67118 8.60985C3.67118 8.29287 3.93075 8.03591 4.25093 8.03591H4.63743C4.95762 8.03591 5.21719 8.29287 5.21719 8.60985C5.21719 8.92684 4.95762 9.1838 4.63743 9.1838H4.25093C3.93075 9.1838 3.67118 8.92684 3.67118 8.60985ZM4.25093 14.157C3.93075 14.157 3.67118 14.414 3.67118 14.731C3.67118 15.0479 3.93075 15.3049 4.25093 15.3049H4.63743C4.95762 15.3049 5.21719 15.0479 5.21719 14.731C5.21719 14.414 4.95762 14.157 4.63743 14.157H4.25093Z" fill="#EB0203"></path>
                        <path fill-rule="evenodd" clip-rule="evenodd" d="M14.6252 13.6363C13.4918 12.6215 11.7817 12.5264 10.6569 13.4792C9.12421 14.7764 9.34841 16.8912 10.4409 18.0122L14.0159 21.6742C14.2197 21.8832 14.4928 22 14.7822 22C15.0737 22 15.3448 21.8852 15.5486 21.6762L19.1236 18.0142C20.214 16.8933 20.4423 14.7785 18.9075 13.4792C17.7827 12.5283 16.0724 12.6217 14.9391 13.6365C14.8855 13.6845 14.8331 13.7345 14.7822 13.7866C14.7313 13.7345 14.6789 13.6843 14.6252 13.6363ZM18.1546 14.3522C19.0973 15.1508 18.9962 16.4896 18.2891 17.2173C18.2888 17.2175 18.2886 17.2177 18.2884 17.218L14.7832 20.8084L11.2753 17.2151C11.2752 17.215 11.2751 17.2149 11.2749 17.2148C10.5677 16.4887 10.4678 15.1495 11.4104 14.3518L11.4108 14.3514C12.0745 13.7892 13.2018 13.82 13.9488 14.5846L14.7822 15.4378L15.6157 14.5846C16.3617 13.8211 17.4896 13.79 18.1545 14.3521" fill="#EB0203"></path>
                        </svg>
                        <svg class="inactive-content" width="100%" height="100%" viewBox="0 0 20 23" fill="none" xmlns="http://www.w3.org/2000/svg">
                        <path fill-rule="evenodd" clip-rule="evenodd" d="M6.18408 5.77914C6.18408 5.46223 6.44363 5.20532 6.7638 5.20532H12.3678C12.6879 5.20532 12.9475 5.46223 12.9475 5.77914C12.9475 6.09606 12.6879 6.35297 12.3678 6.35297H6.7638C6.44363 6.35297 6.18408 6.09606 6.18408 5.77914Z" fill="#EB0203"></path>
                        <path fill-rule="evenodd" clip-rule="evenodd" d="M6.18408 11.9034C6.18408 11.5865 6.44363 11.3296 6.7638 11.3296H12.3678C12.6879 11.3296 12.9475 11.5865 12.9475 11.9034C12.9475 12.2202 12.6879 12.4771 12.3678 12.4771H6.7638C6.44363 12.4771 6.18408 12.2202 6.18408 11.9034Z" fill="#EB0203"></path>
                        <path fill-rule="evenodd" clip-rule="evenodd" d="M6.18408 8.84116C6.18408 8.52424 6.44363 8.26733 6.7638 8.26733H12.3678C12.6879 8.26733 12.9475 8.52424 12.9475 8.84116C12.9475 9.15807 12.6879 9.41498 12.3678 9.41498H6.7638C6.44363 9.41498 6.18408 9.15807 6.18408 8.84116Z" fill="#EB0203"></path>
                        <path fill-rule="evenodd" clip-rule="evenodd" d="M6.18408 14.9655C6.18408 14.6486 6.44363 14.3917 6.7638 14.3917H10.1455C10.4657 14.3917 10.7252 14.6486 10.7252 14.9655C10.7252 15.2825 10.4657 15.5394 10.1455 15.5394H6.7638C6.44363 15.5394 6.18408 15.2825 6.18408 14.9655Z" fill="#EB0203"></path>
                        <path fill-rule="evenodd" clip-rule="evenodd" d="M3.67139 5.77914C3.67139 5.46223 3.93094 5.20532 4.25111 5.20532H4.63759C4.95776 5.20532 5.21731 5.46223 5.21731 5.77914C5.21731 6.09606 4.95776 6.35297 4.63759 6.35297H4.25111C3.93094 6.35297 3.67139 6.09606 3.67139 5.77914Z" fill="#EB0203"></path>
                        <path fill-rule="evenodd" clip-rule="evenodd" d="M3.67139 11.9034C3.67139 11.5865 3.93094 11.3296 4.25111 11.3296H4.63759C4.95776 11.3296 5.21731 11.5865 5.21731 11.9034C5.21731 12.2202 4.95776 12.4771 4.63759 12.4771H4.25111C3.93094 12.4771 3.67139 12.2202 3.67139 11.9034Z" fill="#EB0203"></path>
                        <path fill-rule="evenodd" clip-rule="evenodd" d="M3.67139 8.84116C3.67139 8.52424 3.93094 8.26733 4.25111 8.26733H4.63759C4.95776 8.26733 5.21731 8.52424 5.21731 8.84116C5.21731 9.15807 4.95776 9.41498 4.63759 9.41498H4.25111C3.93094 9.41498 3.67139 9.15807 3.67139 8.84116Z" fill="#EB0203"></path>
                        <path fill-rule="evenodd" clip-rule="evenodd" d="M3.67139 14.9655C3.67139 14.6486 3.93094 14.3917 4.25111 14.3917H4.63759C4.95776 14.3917 5.21731 14.6486 5.21731 14.9655C5.21731 15.2825 4.95776 15.5394 4.63759 15.5394H4.25111C3.93094 15.5394 3.67139 15.2825 3.67139 14.9655Z" fill="#EB0203"></path>
                        <path fill-rule="evenodd" clip-rule="evenodd" d="M0 1.76033C0 0.914738 0.692131 0.229248 1.54592 0.229248H15.0727C15.9265 0.229248 16.6186 0.914738 16.6186 1.76033V11.2818C16.6186 11.5989 16.3591 11.8559 16.0389 11.8559C15.7187 11.8559 15.4592 11.5989 15.4592 11.2818V1.76033C15.4592 1.54893 15.2862 1.37756 15.0727 1.37756H1.54592C1.33247 1.37756 1.15944 1.54893 1.15944 1.76033V18.985C1.15944 19.1964 1.33247 19.3678 1.54592 19.3678H9.27551C9.59568 19.3678 9.85523 19.6249 9.85523 19.942C9.85523 20.2591 9.59568 20.5161 9.27551 20.5161H1.54592C0.692131 20.5161 0 19.8306 0 18.985V1.76033Z" fill="#EB0203"></path>
                        <path fill-rule="evenodd" clip-rule="evenodd" d="M14.6254 13.8718C13.4921 12.8567 11.7821 12.7615 10.6574 13.7147C9.12472 15.0124 9.34891 17.128 10.4413 18.2493L14.0161 21.9126C14.2199 22.1217 14.493 22.2386 14.7824 22.2386C15.0739 22.2386 15.3449 22.1238 15.5487 21.9147L19.1235 18.2514C20.2139 17.13 20.4422 15.0144 18.9075 13.7147C17.7827 12.7634 16.0726 12.8569 14.9392 13.872C14.8856 13.92 14.8333 13.9701 14.7824 14.0222C14.7314 13.97 14.6791 13.9199 14.6254 13.8718ZM18.1546 14.588C19.0972 15.3869 18.9961 16.7262 18.2891 17.4541C18.2888 17.4543 18.2886 17.4546 18.2884 17.4548L14.7834 21.0466L11.2757 17.452C11.2756 17.4519 11.2755 17.4517 11.2753 17.4516C10.5681 16.7252 10.4682 15.3856 11.4108 14.5876L11.4112 14.5872C12.0748 14.0248 13.202 14.0556 13.949 14.8205L14.7824 15.674L15.6158 14.8205C16.3618 14.0567 17.4896 14.0256 18.1545 14.5879" fill="#EB0203"></path>
                        </svg>
                        </button>
                        </div>
                        </div>
                        <p class="ct-tile--brand">Buondi</p>
                        <p class="ct-tile--quantity">emb. 4 x 10 un</p>
                        </div>
                        <div class="ct-tile-bottom row no-gutters justify-content-between">
                        <div class="ct-price-wrap col-8 col-sm-12">
                        <div class="price js-product-price">
                        <div class="prices-wrapper">
                        <span class="sales ct-tile--price-primary ">
                        <span class="value" content="10.99">
                        <span class="ct-price-formatted">
                        €10,99
                        </span>
                        <span class="ct-m-unit">
                        /un
                        </span>
                        </span>
                        </span>
                        </div>
                        <div class="ct-tile--price-secondary">
                        <span class="ct-price-value">
                        €0,27
                        </span>
                        <span class="ct-m-unit">
                        /un
                        </span>
                        </div>
                        </div>
                        </div>
                        <div class="ct-tile-buy-section d-flex justify-content-center no-gutters col-auto col-sm-12">
                        <div class="col-2 d-sm-flex d-none">
                        <button class="wishlist-toggler guest-mode inactive button button--tertiary" data-pid="7462041" data-add-url="https://www.continente.pt/on/demandware.store/Sites-continente-Site/default/Wishlist-AddProduct?pid=7462041" data-toggle="tooltip" aria-label="Adicionar aos favoritos " data-original-title="Adicionar aos favoritos" data-placement="top">
                        <svg class="active-content" width="100%" height="100%" viewBox="0 0 20 22" fill="none" xmlns="http://www.w3.org/2000/svg">
                        <path fill-rule="evenodd" clip-rule="evenodd" d="M0 1.53052C0 0.685236 0.692171 0 1.54601 0H15.0736C15.9274 0 16.6196 0.685235 16.6196 1.53052V13.4064L15.8127 13.922L14.2658 14.2658L12.7189 13.4064L10.6054 14.3818C10.4994 14.2451 10.3327 14.157 10.1452 14.157H6.76329C6.4431 14.157 6.18354 14.414 6.18354 14.731C6.18354 15.0479 6.4431 15.3049 6.76329 15.3049H10.1452C10.2478 15.3049 10.3441 15.2785 10.4277 15.2322L10.3126 16.8439L13.2345 20.2793H1.54601C0.69217 20.2793 0 19.5941 0 18.7488V1.53052ZM6.18354 5.5483C6.18354 5.23132 6.4431 4.97436 6.76329 4.97436H12.3676C12.6878 4.97436 12.9473 5.23132 12.9473 5.5483C12.9473 5.86528 12.6878 6.12224 12.3676 6.12224H6.76329C6.4431 6.12224 6.18354 5.86528 6.18354 5.5483ZM6.76329 11.0961C6.4431 11.0961 6.18354 11.3531 6.18354 11.6701C6.18354 11.987 6.4431 12.244 6.76329 12.244H12.3676C12.6878 12.244 12.9473 11.987 12.9473 11.6701C12.9473 11.3531 12.6878 11.0961 12.3676 11.0961H6.76329ZM6.18354 8.60985C6.18354 8.29287 6.4431 8.03591 6.76329 8.03591H12.3676C12.6878 8.03591 12.9473 8.29287 12.9473 8.60985C12.9473 8.92684 12.6878 9.1838 12.3676 9.1838H6.76329C6.4431 9.1838 6.18354 8.92684 6.18354 8.60985ZM3.67118 5.5483C3.67118 5.23132 3.93075 4.97436 4.25093 4.97436H4.63743C4.95762 4.97436 5.21719 5.23132 5.21719 5.5483C5.21719 5.86528 4.95762 6.12224 4.63743 6.12224H4.25093C3.93075 6.12224 3.67118 5.86528 3.67118 5.5483ZM4.25093 11.0961C3.93075 11.0961 3.67118 11.3531 3.67118 11.6701C3.67118 11.987 3.93075 12.244 4.25093 12.244H4.63743C4.95762 12.244 5.21719 11.987 5.21719 11.6701C5.21719 11.3531 4.95762 11.0961 4.63743 11.0961H4.25093ZM3.67118 8.60985C3.67118 8.29287 3.93075 8.03591 4.25093 8.03591H4.63743C4.95762 8.03591 5.21719 8.29287 5.21719 8.60985C5.21719 8.92684 4.95762 9.1838 4.63743 9.1838H4.25093C3.93075 9.1838 3.67118 8.92684 3.67118 8.60985ZM4.25093 14.157C3.93075 14.157 3.67118 14.414 3.67118 14.731C3.67118 15.0479 3.93075 15.3049 4.25093 15.3049H4.63743C4.95762 15.3049 5.21719 15.0479 5.21719 14.731C5.21719 14.414 4.95762 14.157 4.63743 14.157H4.25093Z" fill="#EB0203"></path>
                        <path fill-rule="evenodd" clip-rule="evenodd" d="M14.6252 13.6363C13.4918 12.6215 11.7817 12.5264 10.6569 13.4792C9.12421 14.7764 9.34841 16.8912 10.4409 18.0122L14.0159 21.6742C14.2197 21.8832 14.4928 22 14.7822 22C15.0737 22 15.3448 21.8852 15.5486 21.6762L19.1236 18.0142C20.214 16.8933 20.4423 14.7785 18.9075 13.4792C17.7827 12.5283 16.0724 12.6217 14.9391 13.6365C14.8855 13.6845 14.8331 13.7345 14.7822 13.7866C14.7313 13.7345 14.6789 13.6843 14.6252 13.6363ZM18.1546 14.3522C19.0973 15.1508 18.9962 16.4896 18.2891 17.2173C18.2888 17.2175 18.2886 17.2177 18.2884 17.218L14.7832 20.8084L11.2753 17.2151C11.2752 17.215 11.2751 17.2149 11.2749 17.2148C10.5677 16.4887 10.4678 15.1495 11.4104 14.3518L11.4108 14.3514C12.0745 13.7892 13.2018 13.82 13.9488 14.5846L14.7822 15.4378L15.6157 14.5846C16.3617 13.8211 17.4896 13.79 18.1545 14.3521" fill="#EB0203"></path>
                        </svg>
                        <svg class="inactive-content" width="100%" height="100%" viewBox="0 0 20 23" fill="none" xmlns="http://www.w3.org/2000/svg">
                        <path fill-rule="evenodd" clip-rule="evenodd" d="M6.18408 5.77914C6.18408 5.46223 6.44363 5.20532 6.7638 5.20532H12.3678C12.6879 5.20532 12.9475 5.46223 12.9475 5.77914C12.9475 6.09606 12.6879 6.35297 12.3678 6.35297H6.7638C6.44363 6.35297 6.18408 6.09606 6.18408 5.77914Z" fill="#EB0203"></path>
                        <path fill-rule="evenodd" clip-rule="evenodd" d="M6.18408 11.9034C6.18408 11.5865 6.44363 11.3296 6.7638 11.3296H12.3678C12.6879 11.3296 12.9475 11.5865 12.9475 11.9034C12.9475 12.2202 12.6879 12.4771 12.3678 12.4771H6.7638C6.44363 12.4771 6.18408 12.2202 6.18408 11.9034Z" fill="#EB0203"></path>
                        <path fill-rule="evenodd" clip-rule="evenodd" d="M6.18408 8.84116C6.18408 8.52424 6.44363 8.26733 6.7638 8.26733H12.3678C12.6879 8.26733 12.9475 8.52424 12.9475 8.84116C12.9475 9.15807 12.6879 9.41498 12.3678 9.41498H6.7638C6.44363 9.41498 6.18408 9.15807 6.18408 8.84116Z" fill="#EB0203"></path>
                        <path fill-rule="evenodd" clip-rule="evenodd" d="M6.18408 14.9655C6.18408 14.6486 6.44363 14.3917 6.7638 14.3917H10.1455C10.4657 14.3917 10.7252 14.6486 10.7252 14.9655C10.7252 15.2825 10.4657 15.5394 10.1455 15.5394H6.7638C6.44363 15.5394 6.18408 15.2825 6.18408 14.9655Z" fill="#EB0203"></path>
                        <path fill-rule="evenodd" clip-rule="evenodd" d="M3.67139 5.77914C3.67139 5.46223 3.93094 5.20532 4.25111 5.20532H4.63759C4.95776 5.20532 5.21731 5.46223 5.21731 5.77914C5.21731 6.09606 4.95776 6.35297 4.63759 6.35297H4.25111C3.93094 6.35297 3.67139 6.09606 3.67139 5.77914Z" fill="#EB0203"></path>
                        <path fill-rule="evenodd" clip-rule="evenodd" d="M3.67139 11.9034C3.67139 11.5865 3.93094 11.3296 4.25111 11.3296H4.63759C4.95776 11.3296 5.21731 11.5865 5.21731 11.9034C5.21731 12.2202 4.95776 12.4771 4.63759 12.4771H4.25111C3.93094 12.4771 3.67139 12.2202 3.67139 11.9034Z" fill="#EB0203"></path>
                        <path fill-rule="evenodd" clip-rule="evenodd" d="M3.67139 8.84116C3.67139 8.52424 3.93094 8.26733 4.25111 8.26733H4.63759C4.95776 8.26733 5.21731 8.52424 5.21731 8.84116C5.21731 9.15807 4.95776 9.41498 4.63759 9.41498H4.25111C3.93094 9.41498 3.67139 9.15807 3.67139 8.84116Z" fill="#EB0203"></path>
                        <path fill-rule="evenodd" clip-rule="evenodd" d="M3.67139 14.9655C3.67139 14.6486 3.93094 14.3917 4.25111 14.3917H4.63759C4.95776 14.3917 5.21731 14.6486 5.21731 14.9655C5.21731 15.2825 4.95776 15.5394 4.63759 15.5394H4.25111C3.93094 15.5394 3.67139 15.2825 3.67139 14.9655Z" fill="#EB0203"></path>
                        <path fill-rule="evenodd" clip-rule="evenodd" d="M0 1.76033C0 0.914738 0.692131 0.229248 1.54592 0.229248H15.0727C15.9265 0.229248 16.6186 0.914738 16.6186 1.76033V11.2818C16.6186 11.5989 16.3591 11.8559 16.0389 11.8559C15.7187 11.8559 15.4592 11.5989 15.4592 11.2818V1.76033C15.4592 1.54893 15.2862 1.37756 15.0727 1.37756H1.54592C1.33247 1.37756 1.15944 1.54893 1.15944 1.76033V18.985C1.15944 19.1964 1.33247 19.3678 1.54592 19.3678H9.27551C9.59568 19.3678 9.85523 19.6249 9.85523 19.942C9.85523 20.2591 9.59568 20.5161 9.27551 20.5161H1.54592C0.692131 20.5161 0 19.8306 0 18.985V1.76033Z" fill="#EB0203"></path>
                        <path fill-rule="evenodd" clip-rule="evenodd" d="M14.6254 13.8718C13.4921 12.8567 11.7821 12.7615 10.6574 13.7147C9.12472 15.0124 9.34891 17.128 10.4413 18.2493L14.0161 21.9126C14.2199 22.1217 14.493 22.2386 14.7824 22.2386C15.0739 22.2386 15.3449 22.1238 15.5487 21.9147L19.1235 18.2514C20.2139 17.13 20.4422 15.0144 18.9075 13.7147C17.7827 12.7634 16.0726 12.8569 14.9392 13.872C14.8856 13.92 14.8333 13.9701 14.7824 14.0222C14.7314 13.97 14.6791 13.9199 14.6254 13.8718ZM18.1546 14.588C19.0972 15.3869 18.9961 16.7262 18.2891 17.4541C18.2888 17.4543 18.2886 17.4546 18.2884 17.4548L14.7834 21.0466L11.2757 17.452C11.2756 17.4519 11.2755 17.4517 11.2753 17.4516C10.5681 16.7252 10.4682 15.3856 11.4108 14.5876L11.4112 14.5872C12.0748 14.0248 13.202 14.0556 13.949 14.8205L14.7824 15.674L15.6158 14.8205C16.3618 14.0567 17.4896 14.0256 18.1545 14.5879" fill="#EB0203"></path>
                        </svg>
                        </button>
                        </div>
                        <div class="col-sm-10 col-12">
                        <div class="ct-tile-quantity d-none" data-pid="7462041">
                        <input type="hidden" class="add-to-cart-url" value="https://www.continente.pt/on/demandware.store/Sites-continente-Site/default/Cart-AddProduct">
                        <div class="d-none tile-delete-confirmation-btn" data-pid="7462041" data-delay-time="3000" data-in-cart-msg="no carrinho" data-one-product-added="Adicionado ao carrinho" data-remove-from-cart-msg="Removido do carrinho" data-stay-open="6000.0" data-confirmation-image="{&quot;url&quot;:&quot;https://www.continente.pt/dw/image/v2/BDVS_PRD/on/demandware.static/-/Sites-col-master-catalog/default/dw2e92b9b3/images/col/746/7462041-hero.jpg?sw=87&amp;sh=80&quot;,&quot;fallbackimage&quot;:{&quot;url&quot;:&quot;https://www.continente.pt/dw/image/v2/BDVS_PRD/on/demandware.static/Sites-continente-Site/-/default/dw7c42b4da/images/noimagelarge_product.png?sw=87&amp;sh=80&quot;,&quot;title&quot;:&quot;Cápsulas de Café Buondi&quot;,&quot;alt&quot;:&quot;Cápsulas de Café Buondi&quot;},&quot;title&quot;:&quot;Cápsulas de Café Buondi&quot;,&quot;alt&quot;:&quot;Cápsulas de Café Buondi&quot;}"></div>
                        <div class="ct-tile-quantity-update quantity-update product-qty-vue" data-remove-action="https://www.continente.pt/on/demandware.store/Sites-continente-Site/default/Cart-RemoveProductLineItem" data-action="https://www.continente.pt/on/demandware.store/Sites-continente-Site/default/Cart-UpdateQuantity" data-dimension-update="https://www.continente.pt/on/demandware.store/Sites-continente-Site/default/Cart-DimensionUpdate" data-pid="7462041" data-uuid="0eb00e53e2df0ad23f6b671afb" data-add-delay="500.0" data-measure-options="{&quot;hasConversionRate&quot;:false,&quot;hasAlternativeSaleUnit&quot;:false,&quot;unitConversionRate&quot;:0,&quot;minOrderQuantity&quot;:1,&quot;stepQuantity&quot;:1,&quot;primaryunit&quot;:&quot;un&quot;,&quot;secondaryunit&quot;:&quot;un&quot;,&quot;selectedunit&quot;:&quot;primary&quot;,&quot;maxNumberOfUnitsPerSale&quot;:50}" data-price-available="null" :data-has-error="isMaxQtyReached || isMinQtyReached || qtySelectedMoreThanOne">
                        <template v-show="prodUnits">
                        <div class="quantity-input-wrapper has-units">
                        <label class="visually-hidden" :for="'quantity-' + pid + additionalTag">
                        Quantidade no carrinho
                        </label>
                        <input :ref="'quantityInput-' + pid + additionalTag" class="add-to-cart-quantity form-control ct-form-input text-center" inputmode="numeric" :class="{'is-invalid': isInvalid}" :data-pid="pid + additionalTag" :name="'quantity-' + pid + additionalTag" type="text" aria-label="Insira a quantidade" title="" v-model="displayValue" @change="updateQuantity" @focus="updateQtyFormat" @blur="restoreQtyFormat" :disabled="!isPriceAvailable">
                        <span class="quantity-icon quantity-icon--minus">
                        <button class="decrease-quantity-btn" @click="updateQuantity" :disabled="!isPriceAvailable" role="button" aria-label="Reduzir quantidade">
                        <i class="css-math-minus"></i>
                        </button>
                        </span>
                        <span class="quantity-icon quantity-icon--plus">
                        <button class="increase-quantity-btn" @click="updateQuantity" :disabled="isMaxQtyReached || !isPriceAvailable" role="button" aria-label="Aumentar quantidade">
                        <i class="css-math-plus"></i>
                        </button>
                        <span class="quantity-btn-disabled-placeholder"></span>
                        </span>
                        <template v-if="isPDP">
                        <span class="quantity-error ct-span-error text-sm-center product-max-allocation" v-if="isMaxQtyReached">
                        Quantidade máxima atingida
                        </span>
                        <span class="quantity-error ct-span-product text-sm-center product-allocation" v-if="!isMinQtyReached &amp;&amp; !isMaxQtyReached">
                        {{quantitySelected}} no carrinho
                        </span>
                        <span class="quantity-error ct-span-error text-sm-center product-min-allocation" :data-pid="pid" v-if="isMinQtyReached &amp;&amp; !isMaxQtyReached">
                        Quantidade mínima atingida
                        </span>
                        </template>
                        </div>
                        <template v-if="showNotes">
                        <div class="add-note-link-container ">
                        <div class="add-note">
                        <a href="/produto/capsulas-de-cafe-buondi-buondi-7462041.html?showNote=true" class="ct-add-note-redirect-pdp" aria-label="Adicionar comentário">
                        <span class="svg-wrapper svg-icon-notes" style="width:19px; height:20px">
                         <svg class="svg-inline icon-notes" viewBox="0 0 28 30" xmlns="http://www.w3.org/2000/svg" width="100%" height="100%"><path d="M21.738 0C22.985 0 24 1.04 24 2.319V12.47c0 .469-.37.848-.828.848-.457 0-.827-.38-.827-.848V2.32c0-.343-.273-.622-.607-.622H2.262c-.334 0-.607.279-.607.622V27.68c0 .343.273.622.607.622h7.81c.457 0 .827.38.827.849 0 .468-.37.848-.827.848h-7.81C1.015 30 0 28.96 0 27.681V2.32C0 1.04 1.015 0 2.262 0h19.476zm2.844 16.004l.227.007c.823.053 1.589.39 2.176.964.64.627.993 1.46.993 2.349 0 .888-.353 1.722-.993 2.348l-6.83 6.665c-.11.108-.247.186-.397.226l-5.032 1.363c-.078.021-.16.032-.241.032-.242 0-.478-.097-.647-.266-.23-.231-.314-.566-.218-.874l1.49-4.798c.044-.139.122-.266.227-.369l6.844-6.677c.64-.625 1.493-.97 2.401-.97zm-2.886 3.94l-4.922 4.802-.947 3.048 3.22-.872 4.897-4.78-2.248-2.197zm2.887-2.174c-.425 0-.824.162-1.124.455l-.484.472 2.248 2.197.484-.472c.62-.606.62-1.591 0-2.197l-.117-.104c-.283-.227-.636-.35-1.007-.35zm-10.839.022c.498 0 .904.396.904.883 0 .488-.406.884-.904.884H5.946c-.499 0-.904-.396-.904-.884 0-.487.405-.883.904-.883zm5.042-4.876c.498 0 .904.397.904.884s-.406.884-.904.884H5.946c-.499 0-.904-.397-.904-.884s.405-.884.904-.884zm0-4.875c.498 0 .904.396.904.884 0 .487-.406.883-.904.883H5.946c-.499 0-.904-.396-.904-.883 0-.488.405-.884.904-.884z" fill="#EB0203" fill-rule="evenodd"></path></svg>
                        </span>
                        <div class="available-note d-none"></div>
                        </a>
                        </div>
                        </div>
                        </template>
                        <div class="measurement-unit-section" v-if="isPriceAvailable &amp;&amp; prodUnits ? prodUnits.hasAlternativeUnit : false">
                        <div class="ct-form-radio" @click="setDimension">
                        <input type="radio" title="" class="ct-form-check-input product-measurement-unit" :data-type="prodUnits.selectedUnit == prodUnits.secondaryUnit ? 'primary' : ''" :id="prodUnits.secondaryUnit + '-' + pid + '-measurement-unit-ptile' + additionalTag" :name="'measurement-unit-' + pid + '-ptile' + additionalTag" :value="prodUnits.secondaryUnit" v-model="prodUnits.selectedUnit">
                        <label :class="prodUnits.secondaryUnit + '-label ct-form-check-label mb-0'" :for="prodUnits.secondaryUnit + '-' + pid + '-measurement-unit-ptile' + additionalTag">
                        {{prodUnits.secondaryUnit}}
                        </label>
                        <span class="checkmark"></span>
                        </div>
                        <div class="ct-form-radio" @click="setDimension">
                        <input type="radio" title="" class="ct-form-check-input product-measurement-unit" :data-type="prodUnits.selectedUnit == prodUnits.primaryUnit ? 'primary' : ''" :id="prodUnits.primaryUnit + '-' + pid + '-measurement-unit-ptile' + additionalTag" :name="'measurement-unit-' + pid + '-ptile' + additionalTag" :value="prodUnits.primaryUnit" v-model="prodUnits.selectedUnit">
                        <label :class="prodUnits.primaryUnit + '-label ct-form-check-label mb-0'" :for="prodUnits.primaryUnit + '-' + pid + '-measurement-unit-ptile' + additionalTag">
                        {{prodUnits.primaryUnit}}
                        </label>
                        <span class="checkmark"></span>
                        </div>
                        </div>
                        <template v-if="!isPDP &amp;&amp; isPriceAvailable">
                        <span class="quantity-error ct-span-error product-max-allocation" v-if="isMaxQtyReached">
                        Quantidade máxima atingida
                        </span>
                        <span class="quantity-error ct-span-product product-allocation" v-if="!isMinQtyReached &amp;&amp; !isMaxQtyReached">
                        {{quantitySelected}} no carrinho
                        </span>
                        <span class="quantity-error ct-span-error product-min-allocation" :data-pid="pid" v-if="isMinQtyReached &amp;&amp; !isMaxQtyReached">
                        Quantidade mínima atingida
                        </span>
                        </template>
                        </template>
                        </div>
                        <input class="quantity-value-mask d-none" name="quantity" type="number" min="0" value="">
                        </div>
                        <button type="button" class="add-to-cart button js-add-to-cart js-add-to-cart-tile 7462041 button--primary dynamic-layout-btn" data-toggle="modal" data-target="#chooseBonusProductModal" data-pid="7462041" data-quantity-value="null" aria-label="Carrinho">
                        <span class="d-block d-sm-none">
                        <span class="svg-wrapper svg-icon-cart" style="width:20px; height:20px">
                        <svg class="svg-inline icon-cart" xmlns="http://www.w3.org/2000/svg" viewBox="0 0 500 500" width="100%" height="100%"><path fill="#EB0203" fill-rule="evenodd" d="M 485.67317,94.386311 C 476.37798,83.847129 463.09468,78.03348 448.30404,78.03348 H 90.690813 L 87.079511,51.327997 C 83.185582,22.539551 62.962285,0 41.011841,0 H 14.727836 C 6.563151,0 0,6.5286975 0,14.580758 c 0,8.05206 6.5945535,14.580758 14.727836,14.580758 h 26.284005 c 4.710398,0 14.696435,9.855222 16.894619,26.021523 L 100.01739,368.0631 c 1.88416,13.77244 9.01256,26.70549 20.1605,36.37417 8.25889,7.15046 18.02511,11.9071 28.26237,13.89679 -4.17655,7.58572 -6.53175,16.25957 -6.53175,25.493 0,29.53459 24.27424,53.59751 54.13815,53.59751 29.8325,0 54.13814,-24.03184 54.13814,-53.59751 0,-8.79818 -2.19818,-17.09897 -5.9979,-24.43598 h 77.12488 c -3.79973,7.33701 -5.96652,15.6378 -5.96652,24.43598 0,29.53459 24.27424,53.59751 54.13817,53.59751 29.83249,0 54.13814,-24.03184 54.13814,-53.59751 0,-8.79818 -2.1982,-17.09897 -5.9979,-24.43598 h 38.56243 c 8.13328,0 14.72783,-6.5287 14.72783,-14.61183 0,-8.02098 -6.59455,-14.54967 -14.72783,-14.54967 H 159.24277 c -14.38241,0 -28.13677,-11.90711 -30.02092,-26.02153 l -3.07746,-22.88154 h 290.6314 c 14.03698,0 27.94834,-5.28513 39.06488,-14.95381 11.11652,-9.6376 18.27632,-22.57065 20.16048,-36.37417 l 21.10259,-156.78201 c 1.94694,-14.51858 -2.10398,-28.29103 -11.43057,-38.861299 z M 220.76053,443.82706 c 0,13.49265 -11.08513,24.46709 -24.68247,24.46709 -13.62874,0 -24.71387,-10.97444 -24.71387,-24.46709 0,-13.49262 11.08513,-24.43598 24.71387,-24.43598 13.59734,0 24.68247,10.94336 24.68247,24.43598 z m 173.43675,0 c 0,13.49265 -11.08512,24.46709 -24.68245,24.46709 -13.62876,0 -24.71388,-10.97444 -24.71388,-24.46709 0,-13.49262 11.08512,-24.43598 24.71388,-24.43598 13.59733,0 24.68245,10.94336 24.68245,24.43598 z m 73.7648,-314.46558 -21.13397,156.782 c -1.88416,14.11442 -15.63851,26.05261 -30.02091,26.05261 H 122.25046 L 94.616142,107.19499 H 448.33544 c 6.18632,0 11.61896,2.2695 15.23028,6.37326 3.64269,4.13484 5.21283,9.73086 4.39636,15.79323 z"></path></svg>
                        </span>
                        </span>
                        <span class="add-to-cart--text d-none d-sm-block">Carrinho</span>
                        </button>
                        </div>
                        </div>
                        </div>
                        </div>
                        
                        <div class="col-12 d-sm-none">
                        </div>
                        </div>
                        </div>
                        </div>
                        </div>
                        <div class="col-12 col-sm-3 col-lg-2 productTile" data-idx="3">
                        
                        <script type="text/javascript">//<!--
                        /* <![CDATA[ */
                        (function(){
                        try {
                            if(window.CQuotient) {
                            var cq_params = {};
                            
                            cq_params.cookieId = window.CQuotient.getCQCookieId();
                            cq_params.userId = window.CQuotient.getCQUserId();
                            cq_params.emailId = CQuotient.getCQHashedEmail();
                            cq_params.loginId = CQuotient.getCQHashedLogin();
                            cq_params.accumulate = true;
                            cq_params.products = [{
                                id: '3040677',
                                sku: ''
                            }];
                            cq_params.categoryId = 'mercearias';
                            cq_params.refinements = '[{\"name\":\"priceMin\",\"value\":\"0.01\"},{\"name\":\"priceMax\",\"value\":\"null\"},{\"name\":\"curr\",\"value\":\"EUR\"},{\"name\":\"Category\",\"value\":\"mercearias\"}]';
                            cq_params.personalized = 'false';
                            cq_params.sortingRule = 'FOOD_Mercearia';
                            cq_params.imageUUID = '__UNDEFINED__';
                            cq_params.realm = "BDVS";
                            cq_params.siteId = "continente";
                            cq_params.instanceType = "prd";
                            cq_params.queryLocale = "default";
                            cq_params.locale = window.CQuotient.locale;
                            
                            if(window.CQuotient.sendActivity)
                                window.CQuotient.sendActivity(CQuotient.clientId, 'viewCategory', cq_params);
                            else
                                window.CQuotient.activities.push({
                                    activityType: 'viewCategory',
                                    parameters: cq_params
                                });
                          }
                        } catch(err) {}
                        })();
                        /* ]]> */
                        // -->
                        </script>
                        <script type="text/javascript">//<!--
                        /* <![CDATA[ (viewCategoryProduct-active_data.js) */
                        (function(){
                        try {
                            if (dw.ac) {
                                var search_params = {};
                                search_params.persd = 'false';
                                search_params.refs = '[{\"name\":\"priceMin\",\"value\":\"0.01\"},{\"name\":\"priceMax\",\"value\":\"null\"},{\"name\":\"curr\",\"value\":\"EUR\"},{\"name\":\"Category\",\"value\":\"mercearias\"}]';
                                search_params.sort = 'FOOD_Mercearia';
                                search_params.imageUUID = '';
                                search_params.searchID = 'afeeff71-841d-471a-a4b6-1885a5ac2689';
                                search_params.locale = 'default';
                                search_params.queryLocale = 'default';
                                search_params.showProducts = 'true';
                                dw.ac.applyContext({category: "mercearias", searchData: search_params});
                                if (typeof dw.ac._scheduleDataSubmission === "function") {
                                    dw.ac._scheduleDataSubmission();
                                }
                            }
                        } catch(err) {}
                        })();
                        /* ]]> */
                        // -->
                        </script>
                        <script type="text/javascript">//<!--
                        /* <![CDATA[ (viewProduct-active_data.js) */
                        dw.ac._capture({id: "3040677", type: "searchhit"});
                        /* ]]> */
                        // -->
                        </script>
                        <div class="product" data-pid="3040677">
                        <div class="product-tile pid-3040677 ct-product-tile data-layer-pushed" data-delay-time="3000" data-variants-mapping="[]" data-in-cart-msg="no carrinho" data-one-product-added="Adicionado ao carrinho" data-remove-from-cart-msg="Removido do carrinho" data-stay-open="6000.0" data-product-tile-impression="{&quot;name&quot;:&quot;3040677&quot;,&quot;id&quot;:&quot;3040677&quot;,&quot;price&quot;:7.14,&quot;brand&quot;:&quot;Caçarola&quot;,&quot;category&quot;:[{&quot;category_level_1&quot;:&quot;Mercearia&quot;},{&quot;category_level_2&quot;:&quot;Arroz, Massa e Farinha&quot;},{&quot;category_level_3&quot;:&quot;Arroz&quot;}],&quot;variant&quot;:&quot;&quot;}">
                        <div class="ct-inner-tile-wrap row no-gutters justify-content-center align-content-start">
                        
                        <div class="ct-image-container col-4 col-sm" data-confirmation-image="{&quot;url&quot;:&quot;https://www.continente.pt/dw/image/v2/BDVS_PRD/on/demandware.static/-/Sites-col-master-catalog/default/dw5b78d074/images/col/304/3040677-frente.jpg?sw=87&amp;sh=80&quot;,&quot;fallbackimage&quot;:{&quot;url&quot;:&quot;https://www.continente.pt/dw/image/v2/BDVS_PRD/on/demandware.static/Sites-continente-Site/-/default/dw7c42b4da/images/noimagelarge_product.png?sw=87&amp;sh=80&quot;,&quot;title&quot;:&quot;Arroz Basmati&quot;,&quot;alt&quot;:&quot;Arroz Basmati&quot;},&quot;title&quot;:&quot;Arroz Basmati&quot;,&quot;alt&quot;:&quot;Arroz Basmati&quot;}">
                        <a href="https://www.continente.pt/produto/arroz-basmati-cacarola-3040677.html?cgid=mercearias">
                        <picture class="intrinsic intrinsic--square">
                        <img class="ct-tile-image lazyloaded" loading="lazy" onerror="this.onerror=null;this.src='/on/demandware.static/Sites-continente-Site/-/default/dw7c42b4da/images/noimagelarge_product.png';" data-src="https://www.continente.pt/dw/image/v2/BDVS_PRD/on/demandware.static/-/Sites-col-master-catalog/default/dw5b78d074/images/col/304/3040677-frente.jpg?sw=280&amp;sh=280" alt="Arroz Basmati" title="Arroz Basmati" src="https://www.continente.pt/dw/image/v2/BDVS_PRD/on/demandware.static/-/Sites-col-master-catalog/default/dw5b78d074/images/col/304/3040677-frente.jpg?sw=280&amp;sh=280">
                        </picture>
                        </a>
                        <div class="color-swatches d-flex" style="margin-left: 5px;">
                        <div class="swatches d-flex">
                        </div>
                        </div>
                        </div>
                        <div class="ct-tile-body col col-sm-auto ">
                        <div class="ct-pdp-details">
                        <div class="ct-pdp-link">
                        <a class="ct-tile--description" href="https://www.continente.pt/produto/arroz-basmati-cacarola-3040677.html?cgid=mercearias">Arroz Basmati</a>
                        <div class="ct-tile--favorite-top d-sm-none">
                        <button class="wishlist-toggler guest-mode inactive button button--tertiary" data-pid="3040677" data-add-url="https://www.continente.pt/on/demandware.store/Sites-continente-Site/default/Wishlist-AddProduct?pid=3040677" data-toggle="tooltip" aria-label="Adicionar aos favoritos " data-original-title="Adicionar aos favoritos" data-placement="top">
                        <svg class="active-content" width="100%" height="100%" viewBox="0 0 20 22" fill="none" xmlns="http://www.w3.org/2000/svg">
                        <path fill-rule="evenodd" clip-rule="evenodd" d="M0 1.53052C0 0.685236 0.692171 0 1.54601 0H15.0736C15.9274 0 16.6196 0.685235 16.6196 1.53052V13.4064L15.8127 13.922L14.2658 14.2658L12.7189 13.4064L10.6054 14.3818C10.4994 14.2451 10.3327 14.157 10.1452 14.157H6.76329C6.4431 14.157 6.18354 14.414 6.18354 14.731C6.18354 15.0479 6.4431 15.3049 6.76329 15.3049H10.1452C10.2478 15.3049 10.3441 15.2785 10.4277 15.2322L10.3126 16.8439L13.2345 20.2793H1.54601C0.69217 20.2793 0 19.5941 0 18.7488V1.53052ZM6.18354 5.5483C6.18354 5.23132 6.4431 4.97436 6.76329 4.97436H12.3676C12.6878 4.97436 12.9473 5.23132 12.9473 5.5483C12.9473 5.86528 12.6878 6.12224 12.3676 6.12224H6.76329C6.4431 6.12224 6.18354 5.86528 6.18354 5.5483ZM6.76329 11.0961C6.4431 11.0961 6.18354 11.3531 6.18354 11.6701C6.18354 11.987 6.4431 12.244 6.76329 12.244H12.3676C12.6878 12.244 12.9473 11.987 12.9473 11.6701C12.9473 11.3531 12.6878 11.0961 12.3676 11.0961H6.76329ZM6.18354 8.60985C6.18354 8.29287 6.4431 8.03591 6.76329 8.03591H12.3676C12.6878 8.03591 12.9473 8.29287 12.9473 8.60985C12.9473 8.92684 12.6878 9.1838 12.3676 9.1838H6.76329C6.4431 9.1838 6.18354 8.92684 6.18354 8.60985ZM3.67118 5.5483C3.67118 5.23132 3.93075 4.97436 4.25093 4.97436H4.63743C4.95762 4.97436 5.21719 5.23132 5.21719 5.5483C5.21719 5.86528 4.95762 6.12224 4.63743 6.12224H4.25093C3.93075 6.12224 3.67118 5.86528 3.67118 5.5483ZM4.25093 11.0961C3.93075 11.0961 3.67118 11.3531 3.67118 11.6701C3.67118 11.987 3.93075 12.244 4.25093 12.244H4.63743C4.95762 12.244 5.21719 11.987 5.21719 11.6701C5.21719 11.3531 4.95762 11.0961 4.63743 11.0961H4.25093ZM3.67118 8.60985C3.67118 8.29287 3.93075 8.03591 4.25093 8.03591H4.63743C4.95762 8.03591 5.21719 8.29287 5.21719 8.60985C5.21719 8.92684 4.95762 9.1838 4.63743 9.1838H4.25093C3.93075 9.1838 3.67118 8.92684 3.67118 8.60985ZM4.25093 14.157C3.93075 14.157 3.67118 14.414 3.67118 14.731C3.67118 15.0479 3.93075 15.3049 4.25093 15.3049H4.63743C4.95762 15.3049 5.21719 15.0479 5.21719 14.731C5.21719 14.414 4.95762 14.157 4.63743 14.157H4.25093Z" fill="#EB0203"></path>
                        <path fill-rule="evenodd" clip-rule="evenodd" d="M14.6252 13.6363C13.4918 12.6215 11.7817 12.5264 10.6569 13.4792C9.12421 14.7764 9.34841 16.8912 10.4409 18.0122L14.0159 21.6742C14.2197 21.8832 14.4928 22 14.7822 22C15.0737 22 15.3448 21.8852 15.5486 21.6762L19.1236 18.0142C20.214 16.8933 20.4423 14.7785 18.9075 13.4792C17.7827 12.5283 16.0724 12.6217 14.9391 13.6365C14.8855 13.6845 14.8331 13.7345 14.7822 13.7866C14.7313 13.7345 14.6789 13.6843 14.6252 13.6363ZM18.1546 14.3522C19.0973 15.1508 18.9962 16.4896 18.2891 17.2173C18.2888 17.2175 18.2886 17.2177 18.2884 17.218L14.7832 20.8084L11.2753 17.2151C11.2752 17.215 11.2751 17.2149 11.2749 17.2148C10.5677 16.4887 10.4678 15.1495 11.4104 14.3518L11.4108 14.3514C12.0745 13.7892 13.2018 13.82 13.9488 14.5846L14.7822 15.4378L15.6157 14.5846C16.3617 13.8211 17.4896 13.79 18.1545 14.3521" fill="#EB0203"></path>
                        </svg>
                        <svg class="inactive-content" width="100%" height="100%" viewBox="0 0 20 23" fill="none" xmlns="http://www.w3.org/2000/svg">
                        <path fill-rule="evenodd" clip-rule="evenodd" d="M6.18408 5.77914C6.18408 5.46223 6.44363 5.20532 6.7638 5.20532H12.3678C12.6879 5.20532 12.9475 5.46223 12.9475 5.77914C12.9475 6.09606 12.6879 6.35297 12.3678 6.35297H6.7638C6.44363 6.35297 6.18408 6.09606 6.18408 5.77914Z" fill="#EB0203"></path>
                        <path fill-rule="evenodd" clip-rule="evenodd" d="M6.18408 11.9034C6.18408 11.5865 6.44363 11.3296 6.7638 11.3296H12.3678C12.6879 11.3296 12.9475 11.5865 12.9475 11.9034C12.9475 12.2202 12.6879 12.4771 12.3678 12.4771H6.7638C6.44363 12.4771 6.18408 12.2202 6.18408 11.9034Z" fill="#EB0203"></path>
                        <path fill-rule="evenodd" clip-rule="evenodd" d="M6.18408 8.84116C6.18408 8.52424 6.44363 8.26733 6.7638 8.26733H12.3678C12.6879 8.26733 12.9475 8.52424 12.9475 8.84116C12.9475 9.15807 12.6879 9.41498 12.3678 9.41498H6.7638C6.44363 9.41498 6.18408 9.15807 6.18408 8.84116Z" fill="#EB0203"></path>
                        <path fill-rule="evenodd" clip-rule="evenodd" d="M6.18408 14.9655C6.18408 14.6486 6.44363 14.3917 6.7638 14.3917H10.1455C10.4657 14.3917 10.7252 14.6486 10.7252 14.9655C10.7252 15.2825 10.4657 15.5394 10.1455 15.5394H6.7638C6.44363 15.5394 6.18408 15.2825 6.18408 14.9655Z" fill="#EB0203"></path>
                        <path fill-rule="evenodd" clip-rule="evenodd" d="M3.67139 5.77914C3.67139 5.46223 3.93094 5.20532 4.25111 5.20532H4.63759C4.95776 5.20532 5.21731 5.46223 5.21731 5.77914C5.21731 6.09606 4.95776 6.35297 4.63759 6.35297H4.25111C3.93094 6.35297 3.67139 6.09606 3.67139 5.77914Z" fill="#EB0203"></path>
                        <path fill-rule="evenodd" clip-rule="evenodd" d="M3.67139 11.9034C3.67139 11.5865 3.93094 11.3296 4.25111 11.3296H4.63759C4.95776 11.3296 5.21731 11.5865 5.21731 11.9034C5.21731 12.2202 4.95776 12.4771 4.63759 12.4771H4.25111C3.93094 12.4771 3.67139 12.2202 3.67139 11.9034Z" fill="#EB0203"></path>
                        <path fill-rule="evenodd" clip-rule="evenodd" d="M3.67139 8.84116C3.67139 8.52424 3.93094 8.26733 4.25111 8.26733H4.63759C4.95776 8.26733 5.21731 8.52424 5.21731 8.84116C5.21731 9.15807 4.95776 9.41498 4.63759 9.41498H4.25111C3.93094 9.41498 3.67139 9.15807 3.67139 8.84116Z" fill="#EB0203"></path>
                        <path fill-rule="evenodd" clip-rule="evenodd" d="M3.67139 14.9655C3.67139 14.6486 3.93094 14.3917 4.25111 14.3917H4.63759C4.95776 14.3917 5.21731 14.6486 5.21731 14.9655C5.21731 15.2825 4.95776 15.5394 4.63759 15.5394H4.25111C3.93094 15.5394 3.67139 15.2825 3.67139 14.9655Z" fill="#EB0203"></path>
                        <path fill-rule="evenodd" clip-rule="evenodd" d="M0 1.76033C0 0.914738 0.692131 0.229248 1.54592 0.229248H15.0727C15.9265 0.229248 16.6186 0.914738 16.6186 1.76033V11.2818C16.6186 11.5989 16.3591 11.8559 16.0389 11.8559C15.7187 11.8559 15.4592 11.5989 15.4592 11.2818V1.76033C15.4592 1.54893 15.2862 1.37756 15.0727 1.37756H1.54592C1.33247 1.37756 1.15944 1.54893 1.15944 1.76033V18.985C1.15944 19.1964 1.33247 19.3678 1.54592 19.3678H9.27551C9.59568 19.3678 9.85523 19.6249 9.85523 19.942C9.85523 20.2591 9.59568 20.5161 9.27551 20.5161H1.54592C0.692131 20.5161 0 19.8306 0 18.985V1.76033Z" fill="#EB0203"></path>
                        <path fill-rule="evenodd" clip-rule="evenodd" d="M14.6254 13.8718C13.4921 12.8567 11.7821 12.7615 10.6574 13.7147C9.12472 15.0124 9.34891 17.128 10.4413 18.2493L14.0161 21.9126C14.2199 22.1217 14.493 22.2386 14.7824 22.2386C15.0739 22.2386 15.3449 22.1238 15.5487 21.9147L19.1235 18.2514C20.2139 17.13 20.4422 15.0144 18.9075 13.7147C17.7827 12.7634 16.0726 12.8569 14.9392 13.872C14.8856 13.92 14.8333 13.9701 14.7824 14.0222C14.7314 13.97 14.6791 13.9199 14.6254 13.8718ZM18.1546 14.588C19.0972 15.3869 18.9961 16.7262 18.2891 17.4541C18.2888 17.4543 18.2886 17.4546 18.2884 17.4548L14.7834 21.0466L11.2757 17.452C11.2756 17.4519 11.2755 17.4517 11.2753 17.4516C10.5681 16.7252 10.4682 15.3856 11.4108 14.5876L11.4112 14.5872C12.0748 14.0248 13.202 14.0556 13.949 14.8205L14.7824 15.674L15.6158 14.8205C16.3618 14.0567 17.4896 14.0256 18.1545 14.5879" fill="#EB0203"></path>
                        </svg>
                        </button>
                        </div>
                        </div>
                        <p class="ct-tile--brand">Caçarola</p>
                        <p class="ct-tile--quantity">emb. 2,5 kg</p>
                        </div>
                        <div class="ct-tile-bottom row no-gutters justify-content-between">
                        <div class="ct-price-wrap col-8 col-sm-12">
                        <div class="price js-product-price">
                        <div class="prices-wrapper">
                        <span class="sales ct-tile--price-primary ">
                        <span class="value" content="7.14">
                        <span class="ct-price-formatted">
                        €7,14
                        </span>
                        <span class="ct-m-unit">
                        /un
                        </span>
                        </span>
                        </span>
                        </div>
                        <div class="ct-tile--price-secondary">
                        <span class="ct-price-value">
                        €2,86
                        </span>
                        <span class="ct-m-unit">
                        /kg
                        </span>
                        </div>
                        </div>
                        </div>
                        <div class="ct-tile-buy-section d-flex justify-content-center no-gutters col-auto col-sm-12">
                        <div class="col-2 d-sm-flex d-none">
                        <button class="wishlist-toggler guest-mode inactive button button--tertiary" data-pid="3040677" data-add-url="https://www.continente.pt/on/demandware.store/Sites-continente-Site/default/Wishlist-AddProduct?pid=3040677" data-toggle="tooltip" aria-label="Adicionar aos favoritos " data-original-title="Adicionar aos favoritos" data-placement="top">
                        <svg class="active-content" width="100%" height="100%" viewBox="0 0 20 22" fill="none" xmlns="http://www.w3.org/2000/svg">
                        <path fill-rule="evenodd" clip-rule="evenodd" d="M0 1.53052C0 0.685236 0.692171 0 1.54601 0H15.0736C15.9274 0 16.6196 0.685235 16.6196 1.53052V13.4064L15.8127 13.922L14.2658 14.2658L12.7189 13.4064L10.6054 14.3818C10.4994 14.2451 10.3327 14.157 10.1452 14.157H6.76329C6.4431 14.157 6.18354 14.414 6.18354 14.731C6.18354 15.0479 6.4431 15.3049 6.76329 15.3049H10.1452C10.2478 15.3049 10.3441 15.2785 10.4277 15.2322L10.3126 16.8439L13.2345 20.2793H1.54601C0.69217 20.2793 0 19.5941 0 18.7488V1.53052ZM6.18354 5.5483C6.18354 5.23132 6.4431 4.97436 6.76329 4.97436H12.3676C12.6878 4.97436 12.9473 5.23132 12.9473 5.5483C12.9473 5.86528 12.6878 6.12224 12.3676 6.12224H6.76329C6.4431 6.12224 6.18354 5.86528 6.18354 5.5483ZM6.76329 11.0961C6.4431 11.0961 6.18354 11.3531 6.18354 11.6701C6.18354 11.987 6.4431 12.244 6.76329 12.244H12.3676C12.6878 12.244 12.9473 11.987 12.9473 11.6701C12.9473 11.3531 12.6878 11.0961 12.3676 11.0961H6.76329ZM6.18354 8.60985C6.18354 8.29287 6.4431 8.03591 6.76329 8.03591H12.3676C12.6878 8.03591 12.9473 8.29287 12.9473 8.60985C12.9473 8.92684 12.6878 9.1838 12.3676 9.1838H6.76329C6.4431 9.1838 6.18354 8.92684 6.18354 8.60985ZM3.67118 5.5483C3.67118 5.23132 3.93075 4.97436 4.25093 4.97436H4.63743C4.95762 4.97436 5.21719 5.23132 5.21719 5.5483C5.21719 5.86528 4.95762 6.12224 4.63743 6.12224H4.25093C3.93075 6.12224 3.67118 5.86528 3.67118 5.5483ZM4.25093 11.0961C3.93075 11.0961 3.67118 11.3531 3.67118 11.6701C3.67118 11.987 3.93075 12.244 4.25093 12.244H4.63743C4.95762 12.244 5.21719 11.987 5.21719 11.6701C5.21719 11.3531 4.95762 11.0961 4.63743 11.0961H4.25093ZM3.67118 8.60985C3.67118 8.29287 3.93075 8.03591 4.25093 8.03591H4.63743C4.95762 8.03591 5.21719 8.29287 5.21719 8.60985C5.21719 8.92684 4.95762 9.1838 4.63743 9.1838H4.25093C3.93075 9.1838 3.67118 8.92684 3.67118 8.60985ZM4.25093 14.157C3.93075 14.157 3.67118 14.414 3.67118 14.731C3.67118 15.0479 3.93075 15.3049 4.25093 15.3049H4.63743C4.95762 15.3049 5.21719 15.0479 5.21719 14.731C5.21719 14.414 4.95762 14.157 4.63743 14.157H4.25093Z" fill="#EB0203"></path>
                        <path fill-rule="evenodd" clip-rule="evenodd" d="M14.6252 13.6363C13.4918 12.6215 11.7817 12.5264 10.6569 13.4792C9.12421 14.7764 9.34841 16.8912 10.4409 18.0122L14.0159 21.6742C14.2197 21.8832 14.4928 22 14.7822 22C15.0737 22 15.3448 21.8852 15.5486 21.6762L19.1236 18.0142C20.214 16.8933 20.4423 14.7785 18.9075 13.4792C17.7827 12.5283 16.0724 12.6217 14.9391 13.6365C14.8855 13.6845 14.8331 13.7345 14.7822 13.7866C14.7313 13.7345 14.6789 13.6843 14.6252 13.6363ZM18.1546 14.3522C19.0973 15.1508 18.9962 16.4896 18.2891 17.2173C18.2888 17.2175 18.2886 17.2177 18.2884 17.218L14.7832 20.8084L11.2753 17.2151C11.2752 17.215 11.2751 17.2149 11.2749 17.2148C10.5677 16.4887 10.4678 15.1495 11.4104 14.3518L11.4108 14.3514C12.0745 13.7892 13.2018 13.82 13.9488 14.5846L14.7822 15.4378L15.6157 14.5846C16.3617 13.8211 17.4896 13.79 18.1545 14.3521" fill="#EB0203"></path>
                        </svg>
                        <svg class="inactive-content" width="100%" height="100%" viewBox="0 0 20 23" fill="none" xmlns="http://www.w3.org/2000/svg">
                        <path fill-rule="evenodd" clip-rule="evenodd" d="M6.18408 5.77914C6.18408 5.46223 6.44363 5.20532 6.7638 5.20532H12.3678C12.6879 5.20532 12.9475 5.46223 12.9475 5.77914C12.9475 6.09606 12.6879 6.35297 12.3678 6.35297H6.7638C6.44363 6.35297 6.18408 6.09606 6.18408 5.77914Z" fill="#EB0203"></path>
                        <path fill-rule="evenodd" clip-rule="evenodd" d="M6.18408 11.9034C6.18408 11.5865 6.44363 11.3296 6.7638 11.3296H12.3678C12.6879 11.3296 12.9475 11.5865 12.9475 11.9034C12.9475 12.2202 12.6879 12.4771 12.3678 12.4771H6.7638C6.44363 12.4771 6.18408 12.2202 6.18408 11.9034Z" fill="#EB0203"></path>
                        <path fill-rule="evenodd" clip-rule="evenodd" d="M6.18408 8.84116C6.18408 8.52424 6.44363 8.26733 6.7638 8.26733H12.3678C12.6879 8.26733 12.9475 8.52424 12.9475 8.84116C12.9475 9.15807 12.6879 9.41498 12.3678 9.41498H6.7638C6.44363 9.41498 6.18408 9.15807 6.18408 8.84116Z" fill="#EB0203"></path>
                        <path fill-rule="evenodd" clip-rule="evenodd" d="M6.18408 14.9655C6.18408 14.6486 6.44363 14.3917 6.7638 14.3917H10.1455C10.4657 14.3917 10.7252 14.6486 10.7252 14.9655C10.7252 15.2825 10.4657 15.5394 10.1455 15.5394H6.7638C6.44363 15.5394 6.18408 15.2825 6.18408 14.9655Z" fill="#EB0203"></path>
                        <path fill-rule="evenodd" clip-rule="evenodd" d="M3.67139 5.77914C3.67139 5.46223 3.93094 5.20532 4.25111 5.20532H4.63759C4.95776 5.20532 5.21731 5.46223 5.21731 5.77914C5.21731 6.09606 4.95776 6.35297 4.63759 6.35297H4.25111C3.93094 6.35297 3.67139 6.09606 3.67139 5.77914Z" fill="#EB0203"></path>
                        <path fill-rule="evenodd" clip-rule="evenodd" d="M3.67139 11.9034C3.67139 11.5865 3.93094 11.3296 4.25111 11.3296H4.63759C4.95776 11.3296 5.21731 11.5865 5.21731 11.9034C5.21731 12.2202 4.95776 12.4771 4.63759 12.4771H4.25111C3.93094 12.4771 3.67139 12.2202 3.67139 11.9034Z" fill="#EB0203"></path>
                        <path fill-rule="evenodd" clip-rule="evenodd" d="M3.67139 8.84116C3.67139 8.52424 3.93094 8.26733 4.25111 8.26733H4.63759C4.95776 8.26733 5.21731 8.52424 5.21731 8.84116C5.21731 9.15807 4.95776 9.41498 4.63759 9.41498H4.25111C3.93094 9.41498 3.67139 9.15807 3.67139 8.84116Z" fill="#EB0203"></path>
                        <path fill-rule="evenodd" clip-rule="evenodd" d="M3.67139 14.9655C3.67139 14.6486 3.93094 14.3917 4.25111 14.3917H4.63759C4.95776 14.3917 5.21731 14.6486 5.21731 14.9655C5.21731 15.2825 4.95776 15.5394 4.63759 15.5394H4.25111C3.93094 15.5394 3.67139 15.2825 3.67139 14.9655Z" fill="#EB0203"></path>
                        <path fill-rule="evenodd" clip-rule="evenodd" d="M0 1.76033C0 0.914738 0.692131 0.229248 1.54592 0.229248H15.0727C15.9265 0.229248 16.6186 0.914738 16.6186 1.76033V11.2818C16.6186 11.5989 16.3591 11.8559 16.0389 11.8559C15.7187 11.8559 15.4592 11.5989 15.4592 11.2818V1.76033C15.4592 1.54893 15.2862 1.37756 15.0727 1.37756H1.54592C1.33247 1.37756 1.15944 1.54893 1.15944 1.76033V18.985C1.15944 19.1964 1.33247 19.3678 1.54592 19.3678H9.27551C9.59568 19.3678 9.85523 19.6249 9.85523 19.942C9.85523 20.2591 9.59568 20.5161 9.27551 20.5161H1.54592C0.692131 20.5161 0 19.8306 0 18.985V1.76033Z" fill="#EB0203"></path>
                        <path fill-rule="evenodd" clip-rule="evenodd" d="M14.6254 13.8718C13.4921 12.8567 11.7821 12.7615 10.6574 13.7147C9.12472 15.0124 9.34891 17.128 10.4413 18.2493L14.0161 21.9126C14.2199 22.1217 14.493 22.2386 14.7824 22.2386C15.0739 22.2386 15.3449 22.1238 15.5487 21.9147L19.1235 18.2514C20.2139 17.13 20.4422 15.0144 18.9075 13.7147C17.7827 12.7634 16.0726 12.8569 14.9392 13.872C14.8856 13.92 14.8333 13.9701 14.7824 14.0222C14.7314 13.97 14.6791 13.9199 14.6254 13.8718ZM18.1546 14.588C19.0972 15.3869 18.9961 16.7262 18.2891 17.4541C18.2888 17.4543 18.2886 17.4546 18.2884 17.4548L14.7834 21.0466L11.2757 17.452C11.2756 17.4519 11.2755 17.4517 11.2753 17.4516C10.5681 16.7252 10.4682 15.3856 11.4108 14.5876L11.4112 14.5872C12.0748 14.0248 13.202 14.0556 13.949 14.8205L14.7824 15.674L15.6158 14.8205C16.3618 14.0567 17.4896 14.0256 18.1545 14.5879" fill="#EB0203"></path>
                        </svg>
                        </button>
                        </div>
                        <div class="col-sm-10 col-12">
                        <div class="ct-tile-quantity d-none" data-pid="3040677">
                        <input type="hidden" class="add-to-cart-url" value="https://www.continente.pt/on/demandware.store/Sites-continente-Site/default/Cart-AddProduct">
                        <div class="d-none tile-delete-confirmation-btn" data-pid="3040677" data-delay-time="3000" data-in-cart-msg="no carrinho" data-one-product-added="Adicionado ao carrinho" data-remove-from-cart-msg="Removido do carrinho" data-stay-open="6000.0" data-confirmation-image="{&quot;url&quot;:&quot;https://www.continente.pt/dw/image/v2/BDVS_PRD/on/demandware.static/-/Sites-col-master-catalog/default/dw5b78d074/images/col/304/3040677-frente.jpg?sw=87&amp;sh=80&quot;,&quot;fallbackimage&quot;:{&quot;url&quot;:&quot;https://www.continente.pt/dw/image/v2/BDVS_PRD/on/demandware.static/Sites-continente-Site/-/default/dw7c42b4da/images/noimagelarge_product.png?sw=87&amp;sh=80&quot;,&quot;title&quot;:&quot;Arroz Basmati&quot;,&quot;alt&quot;:&quot;Arroz Basmati&quot;},&quot;title&quot;:&quot;Arroz Basmati&quot;,&quot;alt&quot;:&quot;Arroz Basmati&quot;}"></div>
                        <div class="ct-tile-quantity-update quantity-update product-qty-vue" data-remove-action="https://www.continente.pt/on/demandware.store/Sites-continente-Site/default/Cart-RemoveProductLineItem" data-action="https://www.continente.pt/on/demandware.store/Sites-continente-Site/default/Cart-UpdateQuantity" data-dimension-update="https://www.continente.pt/on/demandware.store/Sites-continente-Site/default/Cart-DimensionUpdate" data-pid="3040677" data-uuid="3405e4daf7b8d3f94fce39b24e" data-add-delay="500.0" data-measure-options="{&quot;hasConversionRate&quot;:false,&quot;hasAlternativeSaleUnit&quot;:false,&quot;unitConversionRate&quot;:0,&quot;minOrderQuantity&quot;:1,&quot;stepQuantity&quot;:1,&quot;primaryunit&quot;:&quot;un&quot;,&quot;secondaryunit&quot;:&quot;kg&quot;,&quot;selectedunit&quot;:&quot;primary&quot;,&quot;maxNumberOfUnitsPerSale&quot;:50}" data-price-available="null" :data-has-error="isMaxQtyReached || isMinQtyReached || qtySelectedMoreThanOne">
                        <template v-show="prodUnits">
                        <div class="quantity-input-wrapper has-units">
                        <label class="visually-hidden" :for="'quantity-' + pid + additionalTag">
                        Quantidade no carrinho
                        </label>
                        <input :ref="'quantityInput-' + pid + additionalTag" class="add-to-cart-quantity form-control ct-form-input text-center" inputmode="numeric" :class="{'is-invalid': isInvalid}" :data-pid="pid + additionalTag" :name="'quantity-' + pid + additionalTag" type="text" aria-label="Insira a quantidade" title="" v-model="displayValue" @change="updateQuantity" @focus="updateQtyFormat" @blur="restoreQtyFormat" :disabled="!isPriceAvailable">
                        <span class="quantity-icon quantity-icon--minus">
                        <button class="decrease-quantity-btn" @click="updateQuantity" :disabled="!isPriceAvailable" role="button" aria-label="Reduzir quantidade">
                        <i class="css-math-minus"></i>
                        </button>
                        </span>
                        <span class="quantity-icon quantity-icon--plus">
                        <button class="increase-quantity-btn" @click="updateQuantity" :disabled="isMaxQtyReached || !isPriceAvailable" role="button" aria-label="Aumentar quantidade">
                        <i class="css-math-plus"></i>
                        </button>
                        <span class="quantity-btn-disabled-placeholder"></span>
                        </span>
                        <template v-if="isPDP">
                        <span class="quantity-error ct-span-error text-sm-center product-max-allocation" v-if="isMaxQtyReached">
                        Quantidade máxima atingida
                        </span>
                        <span class="quantity-error ct-span-product text-sm-center product-allocation" v-if="!isMinQtyReached &amp;&amp; !isMaxQtyReached">
                        {{quantitySelected}} no carrinho
                        </span>
                        <span class="quantity-error ct-span-error text-sm-center product-min-allocation" :data-pid="pid" v-if="isMinQtyReached &amp;&amp; !isMaxQtyReached">
                        Quantidade mínima atingida
                        </span>
                        </template>
                        </div>
                        <template v-if="showNotes">
                        <div class="add-note-link-container ">
                        <div class="add-note">
                        <a href="/produto/arroz-basmati-cacarola-3040677.html?showNote=true" class="ct-add-note-redirect-pdp" aria-label="Adicionar comentário">
                        <span class="svg-wrapper svg-icon-notes" style="width:19px; height:20px">
                        <svg class="svg-inline icon-notes" viewBox="0 0 28 30" xmlns="http://www.w3.org/2000/svg" width="100%" height="100%"><path d="M21.738 0C22.985 0 24 1.04 24 2.319V12.47c0 .469-.37.848-.828.848-.457 0-.827-.38-.827-.848V2.32c0-.343-.273-.622-.607-.622H2.262c-.334 0-.607.279-.607.622V27.68c0 .343.273.622.607.622h7.81c.457 0 .827.38.827.849 0 .468-.37.848-.827.848h-7.81C1.015 30 0 28.96 0 27.681V2.32C0 1.04 1.015 0 2.262 0h19.476zm2.844 16.004l.227.007c.823.053 1.589.39 2.176.964.64.627.993 1.46.993 2.349 0 .888-.353 1.722-.993 2.348l-6.83 6.665c-.11.108-.247.186-.397.226l-5.032 1.363c-.078.021-.16.032-.241.032-.242 0-.478-.097-.647-.266-.23-.231-.314-.566-.218-.874l1.49-4.798c.044-.139.122-.266.227-.369l6.844-6.677c.64-.625 1.493-.97 2.401-.97zm-2.886 3.94l-4.922 4.802-.947 3.048 3.22-.872 4.897-4.78-2.248-2.197zm2.887-2.174c-.425 0-.824.162-1.124.455l-.484.472 2.248 2.197.484-.472c.62-.606.62-1.591 0-2.197l-.117-.104c-.283-.227-.636-.35-1.007-.35zm-10.839.022c.498 0 .904.396.904.883 0 .488-.406.884-.904.884H5.946c-.499 0-.904-.396-.904-.884 0-.487.405-.883.904-.883zm5.042-4.876c.498 0 .904.397.904.884s-.406.884-.904.884H5.946c-.499 0-.904-.397-.904-.884s.405-.884.904-.884zm0-4.875c.498 0 .904.396.904.884 0 .487-.406.883-.904.883H5.946c-.499 0-.904-.396-.904-.883 0-.488.405-.884.904-.884z" fill="#EB0203" fill-rule="evenodd"></path></svg>
                        </span>
                         <div class="available-note d-none"></div>
                        </a>
                        </div>
                        </div>
                        </template>
                        <div class="measurement-unit-section" v-if="isPriceAvailable &amp;&amp; prodUnits ? prodUnits.hasAlternativeUnit : false">
                        <div class="ct-form-radio" @click="setDimension">
                        <input type="radio" title="" class="ct-form-check-input product-measurement-unit" :data-type="prodUnits.selectedUnit == prodUnits.secondaryUnit ? 'primary' : ''" :id="prodUnits.secondaryUnit + '-' + pid + '-measurement-unit-ptile' + additionalTag" :name="'measurement-unit-' + pid + '-ptile' + additionalTag" :value="prodUnits.secondaryUnit" v-model="prodUnits.selectedUnit">
                        <label :class="prodUnits.secondaryUnit + '-label ct-form-check-label mb-0'" :for="prodUnits.secondaryUnit + '-' + pid + '-measurement-unit-ptile' + additionalTag">
                        {{prodUnits.secondaryUnit}}
                        </label>
                        <span class="checkmark"></span>
                        </div>
                        <div class="ct-form-radio" @click="setDimension">
                        <input type="radio" title="" class="ct-form-check-input product-measurement-unit" :data-type="prodUnits.selectedUnit == prodUnits.primaryUnit ? 'primary' : ''" :id="prodUnits.primaryUnit + '-' + pid + '-measurement-unit-ptile' + additionalTag" :name="'measurement-unit-' + pid + '-ptile' + additionalTag" :value="prodUnits.primaryUnit" v-model="prodUnits.selectedUnit">
                        <label :class="prodUnits.primaryUnit + '-label ct-form-check-label mb-0'" :for="prodUnits.primaryUnit + '-' + pid + '-measurement-unit-ptile' + additionalTag">
                        {{prodUnits.primaryUnit}}
                        </label>
                        <span class="checkmark"></span>
                        </div>
                        </div>
                        <template v-if="!isPDP &amp;&amp; isPriceAvailable">
                        <span class="quantity-error ct-span-error product-max-allocation" v-if="isMaxQtyReached">
                        Quantidade máxima atingida
                        </span>
                        <span class="quantity-error ct-span-product product-allocation" v-if="!isMinQtyReached &amp;&amp; !isMaxQtyReached">
                        {{quantitySelected}} no carrinho
                        </span>
                        <span class="quantity-error ct-span-error product-min-allocation" :data-pid="pid" v-if="isMinQtyReached &amp;&amp; !isMaxQtyReached">
                        Quantidade mínima atingida
                        </span>
                        </template>
                        </template>
                        </div>
                        <input class="quantity-value-mask d-none" name="quantity" type="number" min="0" value="">
                        </div>
                        <button type="button" class="add-to-cart button js-add-to-cart js-add-to-cart-tile 3040677 button--primary dynamic-layout-btn" data-toggle="modal" data-target="#chooseBonusProductModal" data-pid="3040677" data-quantity-value="null" aria-label="Carrinho">
                        <span class="d-block d-sm-none">
                        <span class="svg-wrapper svg-icon-cart" style="width:20px; height:20px">
                        <svg class="svg-inline icon-cart" xmlns="http://www.w3.org/2000/svg" viewBox="0 0 500 500" width="100%" height="100%"><path fill="#EB0203" fill-rule="evenodd" d="M 485.67317,94.386311 C 476.37798,83.847129 463.09468,78.03348 448.30404,78.03348 H 90.690813 L 87.079511,51.327997 C 83.185582,22.539551 62.962285,0 41.011841,0 H 14.727836 C 6.563151,0 0,6.5286975 0,14.580758 c 0,8.05206 6.5945535,14.580758 14.727836,14.580758 h 26.284005 c 4.710398,0 14.696435,9.855222 16.894619,26.021523 L 100.01739,368.0631 c 1.88416,13.77244 9.01256,26.70549 20.1605,36.37417 8.25889,7.15046 18.02511,11.9071 28.26237,13.89679 -4.17655,7.58572 -6.53175,16.25957 -6.53175,25.493 0,29.53459 24.27424,53.59751 54.13815,53.59751 29.8325,0 54.13814,-24.03184 54.13814,-53.59751 0,-8.79818 -2.19818,-17.09897 -5.9979,-24.43598 h 77.12488 c -3.79973,7.33701 -5.96652,15.6378 -5.96652,24.43598 0,29.53459 24.27424,53.59751 54.13817,53.59751 29.83249,0 54.13814,-24.03184 54.13814,-53.59751 0,-8.79818 -2.1982,-17.09897 -5.9979,-24.43598 h 38.56243 c 8.13328,0 14.72783,-6.5287 14.72783,-14.61183 0,-8.02098 -6.59455,-14.54967 -14.72783,-14.54967 H 159.24277 c -14.38241,0 -28.13677,-11.90711 -30.02092,-26.02153 l -3.07746,-22.88154 h 290.6314 c 14.03698,0 27.94834,-5.28513 39.06488,-14.95381 11.11652,-9.6376 18.27632,-22.57065 20.16048,-36.37417 l 21.10259,-156.78201 c 1.94694,-14.51858 -2.10398,-28.29103 -11.43057,-38.861299 z M 220.76053,443.82706 c 0,13.49265 -11.08513,24.46709 -24.68247,24.46709 -13.62874,0 -24.71387,-10.97444 -24.71387,-24.46709 0,-13.49262 11.08513,-24.43598 24.71387,-24.43598 13.59734,0 24.68247,10.94336 24.68247,24.43598 z m 173.43675,0 c 0,13.49265 -11.08512,24.46709 -24.68245,24.46709 -13.62876,0 -24.71388,-10.97444 -24.71388,-24.46709 0,-13.49262 11.08512,-24.43598 24.71388,-24.43598 13.59733,0 24.68245,10.94336 24.68245,24.43598 z m 73.7648,-314.46558 -21.13397,156.782 c -1.88416,14.11442 -15.63851,26.05261 -30.02091,26.05261 H 122.25046 L 94.616142,107.19499 H 448.33544 c 6.18632,0 11.61896,2.2695 15.23028,6.37326 3.64269,4.13484 5.21283,9.73086 4.39636,15.79323 z"></path></svg>
                        </span>
                        </span>
                        <span class="add-to-cart--text d-none d-sm-block">Carrinho</span>
                        </button>
                        </div>
                        </div>
                        </div>
                        </div>
                        
                        <div class="col-12 d-sm-none">
                        </div>
                        </div>
                        </div>
                        </div>
                        </div>
                        <div class="col-12 col-sm-3 col-lg-2 productTile" data-idx="4">
                        
                        <script type="text/javascript">//<!--
                        /* <![CDATA[ */
                        (function(){
                        try {
                            if(window.CQuotient) {
                            var cq_params = {};
                            
                            cq_params.cookieId = window.CQuotient.getCQCookieId();
                            cq_params.userId = window.CQuotient.getCQUserId();
                            cq_params.emailId = CQuotient.getCQHashedEmail();
                            cq_params.loginId = CQuotient.getCQHashedLogin();
                            cq_params.accumulate = true;
                            cq_params.products = [{
                                id: '2533124',
                                sku: ''
                            }];
                            cq_params.categoryId = 'mercearias';
                            cq_params.refinements = '[{\"name\":\"priceMin\",\"value\":\"0.01\"},{\"name\":\"priceMax\",\"value\":\"null\"},{\"name\":\"curr\",\"value\":\"EUR\"},{\"name\":\"Category\",\"value\":\"mercearias\"}]';
                            cq_params.personalized = 'false';
                            cq_params.sortingRule = 'FOOD_Mercearia';
                            cq_params.imageUUID = '__UNDEFINED__';
                            cq_params.realm = "BDVS";
                            cq_params.siteId = "continente";
                            cq_params.instanceType = "prd";
                            cq_params.queryLocale = "default";
                            cq_params.locale = window.CQuotient.locale;
                            
                            if(window.CQuotient.sendActivity)
                                window.CQuotient.sendActivity(CQuotient.clientId, 'viewCategory', cq_params);
                            else
                                window.CQuotient.activities.push({
                                    activityType: 'viewCategory',
                                    parameters: cq_params
                                });
                          }
                        } catch(err) {}
                        })();
                        /* ]]> */
                        // -->
                        </script>
                        <script type="text/javascript">//<!--
                        /* <![CDATA[ (viewCategoryProduct-active_data.js) */
                        (function(){
                        try {
                            if (dw.ac) {
                                var search_params = {};
                                search_params.persd = 'false';
                                search_params.refs = '[{\"name\":\"priceMin\",\"value\":\"0.01\"},{\"name\":\"priceMax\",\"value\":\"null\"},{\"name\":\"curr\",\"value\":\"EUR\"},{\"name\":\"Category\",\"value\":\"mercearias\"}]';
                                search_params.sort = 'FOOD_Mercearia';
                                search_params.imageUUID = '';
                                search_params.searchID = 'afeeff71-841d-471a-a4b6-1885a5ac2689';
                                search_params.locale = 'default';
                                search_params.queryLocale = 'default';
                                search_params.showProducts = 'true';
                                dw.ac.applyContext({category: "mercearias", searchData: search_params});
                                if (typeof dw.ac._scheduleDataSubmission === "function") {
                                    dw.ac._scheduleDataSubmission();
                                }
                            }
                        } catch(err) {}
                        })();
                        /* ]]> */
                        // -->
                        </script>
                        <script type="text/javascript">//<!--
                        /* <![CDATA[ (viewProduct-active_data.js) */
                        dw.ac._capture({id: "2533124", type: "searchhit"});
                        /* ]]> */
                        // -->
                        </script>
                        <div class="product" data-pid="2533124">
                        <div class="product-tile pid-2533124 ct-product-tile data-layer-pushed" data-delay-time="3000" data-variants-mapping="[]" data-in-cart-msg="no carrinho" data-one-product-added="Adicionado ao carrinho" data-remove-from-cart-msg="Removido do carrinho" data-stay-open="6000.0" data-product-tile-impression="{&quot;name&quot;:&quot;2533124&quot;,&quot;id&quot;:&quot;2533124&quot;,&quot;price&quot;:2.75,&quot;brand&quot;:&quot;Bom Petisco&quot;,&quot;category&quot;:[{&quot;category_level_1&quot;:&quot;Mercearia&quot;},{&quot;category_level_2&quot;:&quot;Conservas&quot;},{&quot;category_level_3&quot;:&quot;Atum&quot;}],&quot;variant&quot;:&quot;&quot;}">
                        <div class="ct-inner-tile-wrap row no-gutters justify-content-center align-content-start">
                        
                        <div class="ct-image-container col-4 col-sm" data-confirmation-image="{&quot;url&quot;:&quot;https://www.continente.pt/dw/image/v2/BDVS_PRD/on/demandware.static/-/Sites-col-master-catalog/default/dw8e25398c/images/col/253/2533124-cima.jpg?sw=87&amp;sh=80&quot;,&quot;fallbackimage&quot;:{&quot;url&quot;:&quot;https://www.continente.pt/dw/image/v2/BDVS_PRD/on/demandware.static/Sites-continente-Site/-/default/dw7c42b4da/images/noimagelarge_product.png?sw=87&amp;sh=80&quot;,&quot;title&quot;:&quot;Atum Posta em Óleo&quot;,&quot;alt&quot;:&quot;Atum Posta em Óleo&quot;},&quot;title&quot;:&quot;Atum Posta em Óleo&quot;,&quot;alt&quot;:&quot;Atum Posta em Óleo&quot;}">
                        <a href="https://www.continente.pt/produto/atum-posta-em-oleo-bom-petisco-2533124.html?cgid=mercearias">
                        <picture class="intrinsic intrinsic--square">
                        <img class="ct-tile-image lazyloaded" loading="lazy" onerror="this.onerror=null;this.src='/on/demandware.static/Sites-continente-Site/-/default/dw7c42b4da/images/noimagelarge_product.png';" data-src="https://www.continente.pt/dw/image/v2/BDVS_PRD/on/demandware.static/-/Sites-col-master-catalog/default/dw8e25398c/images/col/253/2533124-cima.jpg?sw=280&amp;sh=280" alt="Atum Posta em Óleo" title="Atum Posta em Óleo" src="https://www.continente.pt/dw/image/v2/BDVS_PRD/on/demandware.static/-/Sites-col-master-catalog/default/dw8e25398c/images/col/253/2533124-cima.jpg?sw=280&amp;sh=280">
                        </picture>
                        </a>
                        <div class="color-swatches d-flex" style="margin-left: 5px;">
                        <div class="swatches d-flex">
                        </div>
                        </div>
                        </div>
                        <div class="ct-tile-body col col-sm-auto ">
                        <div class="ct-pdp-details">
                        <div class="ct-pdp-link">
                        <a class="ct-tile--description" href="https://www.continente.pt/produto/atum-posta-em-oleo-bom-petisco-2533124.html?cgid=mercearias">Atum Posta em Óleo</a>
                        <div class="ct-tile--favorite-top d-sm-none">
                        
                        <button class="wishlist-toggler guest-mode inactive button button--tertiary" data-pid="2533124" data-add-url="https://www.continente.pt/on/demandware.store/Sites-continente-Site/default/Wishlist-AddProduct?pid=2533124" data-toggle="tooltip" aria-label="Adicionar aos favoritos " data-original-title="Adicionar aos favoritos" data-placement="top">
                        <svg class="active-content" width="100%" height="100%" viewBox="0 0 20 22" fill="none" xmlns="http://www.w3.org/2000/svg">
                        <path fill-rule="evenodd" clip-rule="evenodd" d="M0 1.53052C0 0.685236 0.692171 0 1.54601 0H15.0736C15.9274 0 16.6196 0.685235 16.6196 1.53052V13.4064L15.8127 13.922L14.2658 14.2658L12.7189 13.4064L10.6054 14.3818C10.4994 14.2451 10.3327 14.157 10.1452 14.157H6.76329C6.4431 14.157 6.18354 14.414 6.18354 14.731C6.18354 15.0479 6.4431 15.3049 6.76329 15.3049H10.1452C10.2478 15.3049 10.3441 15.2785 10.4277 15.2322L10.3126 16.8439L13.2345 20.2793H1.54601C0.69217 20.2793 0 19.5941 0 18.7488V1.53052ZM6.18354 5.5483C6.18354 5.23132 6.4431 4.97436 6.76329 4.97436H12.3676C12.6878 4.97436 12.9473 5.23132 12.9473 5.5483C12.9473 5.86528 12.6878 6.12224 12.3676 6.12224H6.76329C6.4431 6.12224 6.18354 5.86528 6.18354 5.5483ZM6.76329 11.0961C6.4431 11.0961 6.18354 11.3531 6.18354 11.6701C6.18354 11.987 6.4431 12.244 6.76329 12.244H12.3676C12.6878 12.244 12.9473 11.987 12.9473 11.6701C12.9473 11.3531 12.6878 11.0961 12.3676 11.0961H6.76329ZM6.18354 8.60985C6.18354 8.29287 6.4431 8.03591 6.76329 8.03591H12.3676C12.6878 8.03591 12.9473 8.29287 12.9473 8.60985C12.9473 8.92684 12.6878 9.1838 12.3676 9.1838H6.76329C6.4431 9.1838 6.18354 8.92684 6.18354 8.60985ZM3.67118 5.5483C3.67118 5.23132 3.93075 4.97436 4.25093 4.97436H4.63743C4.95762 4.97436 5.21719 5.23132 5.21719 5.5483C5.21719 5.86528 4.95762 6.12224 4.63743 6.12224H4.25093C3.93075 6.12224 3.67118 5.86528 3.67118 5.5483ZM4.25093 11.0961C3.93075 11.0961 3.67118 11.3531 3.67118 11.6701C3.67118 11.987 3.93075 12.244 4.25093 12.244H4.63743C4.95762 12.244 5.21719 11.987 5.21719 11.6701C5.21719 11.3531 4.95762 11.0961 4.63743 11.0961H4.25093ZM3.67118 8.60985C3.67118 8.29287 3.93075 8.03591 4.25093 8.03591H4.63743C4.95762 8.03591 5.21719 8.29287 5.21719 8.60985C5.21719 8.92684 4.95762 9.1838 4.63743 9.1838H4.25093C3.93075 9.1838 3.67118 8.92684 3.67118 8.60985ZM4.25093 14.157C3.93075 14.157 3.67118 14.414 3.67118 14.731C3.67118 15.0479 3.93075 15.3049 4.25093 15.3049H4.63743C4.95762 15.3049 5.21719 15.0479 5.21719 14.731C5.21719 14.414 4.95762 14.157 4.63743 14.157H4.25093Z" fill="#EB0203"></path>
                        <path fill-rule="evenodd" clip-rule="evenodd" d="M14.6252 13.6363C13.4918 12.6215 11.7817 12.5264 10.6569 13.4792C9.12421 14.7764 9.34841 16.8912 10.4409 18.0122L14.0159 21.6742C14.2197 21.8832 14.4928 22 14.7822 22C15.0737 22 15.3448 21.8852 15.5486 21.6762L19.1236 18.0142C20.214 16.8933 20.4423 14.7785 18.9075 13.4792C17.7827 12.5283 16.0724 12.6217 14.9391 13.6365C14.8855 13.6845 14.8331 13.7345 14.7822 13.7866C14.7313 13.7345 14.6789 13.6843 14.6252 13.6363ZM18.1546 14.3522C19.0973 15.1508 18.9962 16.4896 18.2891 17.2173C18.2888 17.2175 18.2886 17.2177 18.2884 17.218L14.7832 20.8084L11.2753 17.2151C11.2752 17.215 11.2751 17.2149 11.2749 17.2148C10.5677 16.4887 10.4678 15.1495 11.4104 14.3518L11.4108 14.3514C12.0745 13.7892 13.2018 13.82 13.9488 14.5846L14.7822 15.4378L15.6157 14.5846C16.3617 13.8211 17.4896 13.79 18.1545 14.3521" fill="#EB0203"></path>
                        </svg>
                        <svg class="inactive-content" width="100%" height="100%" viewBox="0 0 20 23" fill="none" xmlns="http://www.w3.org/2000/svg">
                        <path fill-rule="evenodd" clip-rule="evenodd" d="M6.18408 5.77914C6.18408 5.46223 6.44363 5.20532 6.7638 5.20532H12.3678C12.6879 5.20532 12.9475 5.46223 12.9475 5.77914C12.9475 6.09606 12.6879 6.35297 12.3678 6.35297H6.7638C6.44363 6.35297 6.18408 6.09606 6.18408 5.77914Z" fill="#EB0203"></path>
                        <path fill-rule="evenodd" clip-rule="evenodd" d="M6.18408 11.9034C6.18408 11.5865 6.44363 11.3296 6.7638 11.3296H12.3678C12.6879 11.3296 12.9475 11.5865 12.9475 11.9034C12.9475 12.2202 12.6879 12.4771 12.3678 12.4771H6.7638C6.44363 12.4771 6.18408 12.2202 6.18408 11.9034Z" fill="#EB0203"></path>
                        <path fill-rule="evenodd" clip-rule="evenodd" d="M6.18408 8.84116C6.18408 8.52424 6.44363 8.26733 6.7638 8.26733H12.3678C12.6879 8.26733 12.9475 8.52424 12.9475 8.84116C12.9475 9.15807 12.6879 9.41498 12.3678 9.41498H6.7638C6.44363 9.41498 6.18408 9.15807 6.18408 8.84116Z" fill="#EB0203"></path>
                        <path fill-rule="evenodd" clip-rule="evenodd" d="M6.18408 14.9655C6.18408 14.6486 6.44363 14.3917 6.7638 14.3917H10.1455C10.4657 14.3917 10.7252 14.6486 10.7252 14.9655C10.7252 15.2825 10.4657 15.5394 10.1455 15.5394H6.7638C6.44363 15.5394 6.18408 15.2825 6.18408 14.9655Z" fill="#EB0203"></path>
                        <path fill-rule="evenodd" clip-rule="evenodd" d="M3.67139 5.77914C3.67139 5.46223 3.93094 5.20532 4.25111 5.20532H4.63759C4.95776 5.20532 5.21731 5.46223 5.21731 5.77914C5.21731 6.09606 4.95776 6.35297 4.63759 6.35297H4.25111C3.93094 6.35297 3.67139 6.09606 3.67139 5.77914Z" fill="#EB0203"></path>
                        <path fill-rule="evenodd" clip-rule="evenodd" d="M3.67139 11.9034C3.67139 11.5865 3.93094 11.3296 4.25111 11.3296H4.63759C4.95776 11.3296 5.21731 11.5865 5.21731 11.9034C5.21731 12.2202 4.95776 12.4771 4.63759 12.4771H4.25111C3.93094 12.4771 3.67139 12.2202 3.67139 11.9034Z" fill="#EB0203"></path>
                        <path fill-rule="evenodd" clip-rule="evenodd" d="M3.67139 8.84116C3.67139 8.52424 3.93094 8.26733 4.25111 8.26733H4.63759C4.95776 8.26733 5.21731 8.52424 5.21731 8.84116C5.21731 9.15807 4.95776 9.41498 4.63759 9.41498H4.25111C3.93094 9.41498 3.67139 9.15807 3.67139 8.84116Z" fill="#EB0203"></path>
                        <path fill-rule="evenodd" clip-rule="evenodd" d="M3.67139 14.9655C3.67139 14.6486 3.93094 14.3917 4.25111 14.3917H4.63759C4.95776 14.3917 5.21731 14.6486 5.21731 14.9655C5.21731 15.2825 4.95776 15.5394 4.63759 15.5394H4.25111C3.93094 15.5394 3.67139 15.2825 3.67139 14.9655Z" fill="#EB0203"></path>
                        <path fill-rule="evenodd" clip-rule="evenodd" d="M0 1.76033C0 0.914738 0.692131 0.229248 1.54592 0.229248H15.0727C15.9265 0.229248 16.6186 0.914738 16.6186 1.76033V11.2818C16.6186 11.5989 16.3591 11.8559 16.0389 11.8559C15.7187 11.8559 15.4592 11.5989 15.4592 11.2818V1.76033C15.4592 1.54893 15.2862 1.37756 15.0727 1.37756H1.54592C1.33247 1.37756 1.15944 1.54893 1.15944 1.76033V18.985C1.15944 19.1964 1.33247 19.3678 1.54592 19.3678H9.27551C9.59568 19.3678 9.85523 19.6249 9.85523 19.942C9.85523 20.2591 9.59568 20.5161 9.27551 20.5161H1.54592C0.692131 20.5161 0 19.8306 0 18.985V1.76033Z" fill="#EB0203"></path>
                        <path fill-rule="evenodd" clip-rule="evenodd" d="M14.6254 13.8718C13.4921 12.8567 11.7821 12.7615 10.6574 13.7147C9.12472 15.0124 9.34891 17.128 10.4413 18.2493L14.0161 21.9126C14.2199 22.1217 14.493 22.2386 14.7824 22.2386C15.0739 22.2386 15.3449 22.1238 15.5487 21.9147L19.1235 18.2514C20.2139 17.13 20.4422 15.0144 18.9075 13.7147C17.7827 12.7634 16.0726 12.8569 14.9392 13.872C14.8856 13.92 14.8333 13.9701 14.7824 14.0222C14.7314 13.97 14.6791 13.9199 14.6254 13.8718ZM18.1546 14.588C19.0972 15.3869 18.9961 16.7262 18.2891 17.4541C18.2888 17.4543 18.2886 17.4546 18.2884 17.4548L14.7834 21.0466L11.2757 17.452C11.2756 17.4519 11.2755 17.4517 11.2753 17.4516C10.5681 16.7252 10.4682 15.3856 11.4108 14.5876L11.4112 14.5872C12.0748 14.0248 13.202 14.0556 13.949 14.8205L14.7824 15.674L15.6158 14.8205C16.3618 14.0567 17.4896 14.0256 18.1545 14.5879" fill="#EB0203"></path>
                        </svg>
                        </button>
                        </div>
                        </div>
                        <p class="ct-tile--brand">Bom Petisco</p>
                        <p class="ct-tile--quantity">emb. 200 gr (peso escorrido 130 gr)</p>
                        </div>
                        <div class="ct-tile-bottom row no-gutters justify-content-between">
                        <div class="ct-price-wrap col-8 col-sm-12">
                        <div class="price js-product-price">
                        <div class="prices-wrapper">
                        <span class="sales ct-tile--price-primary ">
                        <span class="value" content="2.75">
                        <span class="ct-price-formatted">
                        €2,75
                        </span>
                        <span class="ct-m-unit">
                        /un
                        </span>
                        </span>
                        </span>
                        </div>
                        <div class="ct-tile--price-secondary">
                        <span class="ct-price-value">
                        €21,15
                        </span>
                        <span class="ct-m-unit">
                        /kg
                        </span>
                        </div>
                        </div>
                        </div>
                        <div class="ct-tile-buy-section d-flex justify-content-center no-gutters col-auto col-sm-12">
                        <div class="col-2 d-sm-flex d-none">
                        <button class="wishlist-toggler guest-mode inactive button button--tertiary" data-pid="2533124" data-add-url="https://www.continente.pt/on/demandware.store/Sites-continente-Site/default/Wishlist-AddProduct?pid=2533124" data-toggle="tooltip" aria-label="Adicionar aos favoritos " data-original-title="Adicionar aos favoritos" data-placement="top">
                        <svg class="active-content" width="100%" height="100%" viewBox="0 0 20 22" fill="none" xmlns="http://www.w3.org/2000/svg">
                        <path fill-rule="evenodd" clip-rule="evenodd" d="M0 1.53052C0 0.685236 0.692171 0 1.54601 0H15.0736C15.9274 0 16.6196 0.685235 16.6196 1.53052V13.4064L15.8127 13.922L14.2658 14.2658L12.7189 13.4064L10.6054 14.3818C10.4994 14.2451 10.3327 14.157 10.1452 14.157H6.76329C6.4431 14.157 6.18354 14.414 6.18354 14.731C6.18354 15.0479 6.4431 15.3049 6.76329 15.3049H10.1452C10.2478 15.3049 10.3441 15.2785 10.4277 15.2322L10.3126 16.8439L13.2345 20.2793H1.54601C0.69217 20.2793 0 19.5941 0 18.7488V1.53052ZM6.18354 5.5483C6.18354 5.23132 6.4431 4.97436 6.76329 4.97436H12.3676C12.6878 4.97436 12.9473 5.23132 12.9473 5.5483C12.9473 5.86528 12.6878 6.12224 12.3676 6.12224H6.76329C6.4431 6.12224 6.18354 5.86528 6.18354 5.5483ZM6.76329 11.0961C6.4431 11.0961 6.18354 11.3531 6.18354 11.6701C6.18354 11.987 6.4431 12.244 6.76329 12.244H12.3676C12.6878 12.244 12.9473 11.987 12.9473 11.6701C12.9473 11.3531 12.6878 11.0961 12.3676 11.0961H6.76329ZM6.18354 8.60985C6.18354 8.29287 6.4431 8.03591 6.76329 8.03591H12.3676C12.6878 8.03591 12.9473 8.29287 12.9473 8.60985C12.9473 8.92684 12.6878 9.1838 12.3676 9.1838H6.76329C6.4431 9.1838 6.18354 8.92684 6.18354 8.60985ZM3.67118 5.5483C3.67118 5.23132 3.93075 4.97436 4.25093 4.97436H4.63743C4.95762 4.97436 5.21719 5.23132 5.21719 5.5483C5.21719 5.86528 4.95762 6.12224 4.63743 6.12224H4.25093C3.93075 6.12224 3.67118 5.86528 3.67118 5.5483ZM4.25093 11.0961C3.93075 11.0961 3.67118 11.3531 3.67118 11.6701C3.67118 11.987 3.93075 12.244 4.25093 12.244H4.63743C4.95762 12.244 5.21719 11.987 5.21719 11.6701C5.21719 11.3531 4.95762 11.0961 4.63743 11.0961H4.25093ZM3.67118 8.60985C3.67118 8.29287 3.93075 8.03591 4.25093 8.03591H4.63743C4.95762 8.03591 5.21719 8.29287 5.21719 8.60985C5.21719 8.92684 4.95762 9.1838 4.63743 9.1838H4.25093C3.93075 9.1838 3.67118 8.92684 3.67118 8.60985ZM4.25093 14.157C3.93075 14.157 3.67118 14.414 3.67118 14.731C3.67118 15.0479 3.93075 15.3049 4.25093 15.3049H4.63743C4.95762 15.3049 5.21719 15.0479 5.21719 14.731C5.21719 14.414 4.95762 14.157 4.63743 14.157H4.25093Z" fill="#EB0203"></path>
                        <path fill-rule="evenodd" clip-rule="evenodd" d="M14.6252 13.6363C13.4918 12.6215 11.7817 12.5264 10.6569 13.4792C9.12421 14.7764 9.34841 16.8912 10.4409 18.0122L14.0159 21.6742C14.2197 21.8832 14.4928 22 14.7822 22C15.0737 22 15.3448 21.8852 15.5486 21.6762L19.1236 18.0142C20.214 16.8933 20.4423 14.7785 18.9075 13.4792C17.7827 12.5283 16.0724 12.6217 14.9391 13.6365C14.8855 13.6845 14.8331 13.7345 14.7822 13.7866C14.7313 13.7345 14.6789 13.6843 14.6252 13.6363ZM18.1546 14.3522C19.0973 15.1508 18.9962 16.4896 18.2891 17.2173C18.2888 17.2175 18.2886 17.2177 18.2884 17.218L14.7832 20.8084L11.2753 17.2151C11.2752 17.215 11.2751 17.2149 11.2749 17.2148C10.5677 16.4887 10.4678 15.1495 11.4104 14.3518L11.4108 14.3514C12.0745 13.7892 13.2018 13.82 13.9488 14.5846L14.7822 15.4378L15.6157 14.5846C16.3617 13.8211 17.4896 13.79 18.1545 14.3521" fill="#EB0203"></path>
                        </svg>
                        <svg class="inactive-content" width="100%" height="100%" viewBox="0 0 20 23" fill="none" xmlns="http://www.w3.org/2000/svg">
                        <path fill-rule="evenodd" clip-rule="evenodd" d="M6.18408 5.77914C6.18408 5.46223 6.44363 5.20532 6.7638 5.20532H12.3678C12.6879 5.20532 12.9475 5.46223 12.9475 5.77914C12.9475 6.09606 12.6879 6.35297 12.3678 6.35297H6.7638C6.44363 6.35297 6.18408 6.09606 6.18408 5.77914Z" fill="#EB0203"></path>
                        <path fill-rule="evenodd" clip-rule="evenodd" d="M6.18408 11.9034C6.18408 11.5865 6.44363 11.3296 6.7638 11.3296H12.3678C12.6879 11.3296 12.9475 11.5865 12.9475 11.9034C12.9475 12.2202 12.6879 12.4771 12.3678 12.4771H6.7638C6.44363 12.4771 6.18408 12.2202 6.18408 11.9034Z" fill="#EB0203"></path>
                        <path fill-rule="evenodd" clip-rule="evenodd" d="M6.18408 8.84116C6.18408 8.52424 6.44363 8.26733 6.7638 8.26733H12.3678C12.6879 8.26733 12.9475 8.52424 12.9475 8.84116C12.9475 9.15807 12.6879 9.41498 12.3678 9.41498H6.7638C6.44363 9.41498 6.18408 9.15807 6.18408 8.84116Z" fill="#EB0203"></path>
                        <path fill-rule="evenodd" clip-rule="evenodd" d="M6.18408 14.9655C6.18408 14.6486 6.44363 14.3917 6.7638 14.3917H10.1455C10.4657 14.3917 10.7252 14.6486 10.7252 14.9655C10.7252 15.2825 10.4657 15.5394 10.1455 15.5394H6.7638C6.44363 15.5394 6.18408 15.2825 6.18408 14.9655Z" fill="#EB0203"></path>
                        <path fill-rule="evenodd" clip-rule="evenodd" d="M3.67139 5.77914C3.67139 5.46223 3.93094 5.20532 4.25111 5.20532H4.63759C4.95776 5.20532 5.21731 5.46223 5.21731 5.77914C5.21731 6.09606 4.95776 6.35297 4.63759 6.35297H4.25111C3.93094 6.35297 3.67139 6.09606 3.67139 5.77914Z" fill="#EB0203"></path>
                        <path fill-rule="evenodd" clip-rule="evenodd" d="M3.67139 11.9034C3.67139 11.5865 3.93094 11.3296 4.25111 11.3296H4.63759C4.95776 11.3296 5.21731 11.5865 5.21731 11.9034C5.21731 12.2202 4.95776 12.4771 4.63759 12.4771H4.25111C3.93094 12.4771 3.67139 12.2202 3.67139 11.9034Z" fill="#EB0203"></path>
                        <path fill-rule="evenodd" clip-rule="evenodd" d="M3.67139 8.84116C3.67139 8.52424 3.93094 8.26733 4.25111 8.26733H4.63759C4.95776 8.26733 5.21731 8.52424 5.21731 8.84116C5.21731 9.15807 4.95776 9.41498 4.63759 9.41498H4.25111C3.93094 9.41498 3.67139 9.15807 3.67139 8.84116Z" fill="#EB0203"></path>
                        <path fill-rule="evenodd" clip-rule="evenodd" d="M3.67139 14.9655C3.67139 14.6486 3.93094 14.3917 4.25111 14.3917H4.63759C4.95776 14.3917 5.21731 14.6486 5.21731 14.9655C5.21731 15.2825 4.95776 15.5394 4.63759 15.5394H4.25111C3.93094 15.5394 3.67139 15.2825 3.67139 14.9655Z" fill="#EB0203"></path>
                        <path fill-rule="evenodd" clip-rule="evenodd" d="M0 1.76033C0 0.914738 0.692131 0.229248 1.54592 0.229248H15.0727C15.9265 0.229248 16.6186 0.914738 16.6186 1.76033V11.2818C16.6186 11.5989 16.3591 11.8559 16.0389 11.8559C15.7187 11.8559 15.4592 11.5989 15.4592 11.2818V1.76033C15.4592 1.54893 15.2862 1.37756 15.0727 1.37756H1.54592C1.33247 1.37756 1.15944 1.54893 1.15944 1.76033V18.985C1.15944 19.1964 1.33247 19.3678 1.54592 19.3678H9.27551C9.59568 19.3678 9.85523 19.6249 9.85523 19.942C9.85523 20.2591 9.59568 20.5161 9.27551 20.5161H1.54592C0.692131 20.5161 0 19.8306 0 18.985V1.76033Z" fill="#EB0203"></path>
                        <path fill-rule="evenodd" clip-rule="evenodd" d="M14.6254 13.8718C13.4921 12.8567 11.7821 12.7615 10.6574 13.7147C9.12472 15.0124 9.34891 17.128 10.4413 18.2493L14.0161 21.9126C14.2199 22.1217 14.493 22.2386 14.7824 22.2386C15.0739 22.2386 15.3449 22.1238 15.5487 21.9147L19.1235 18.2514C20.2139 17.13 20.4422 15.0144 18.9075 13.7147C17.7827 12.7634 16.0726 12.8569 14.9392 13.872C14.8856 13.92 14.8333 13.9701 14.7824 14.0222C14.7314 13.97 14.6791 13.9199 14.6254 13.8718ZM18.1546 14.588C19.0972 15.3869 18.9961 16.7262 18.2891 17.4541C18.2888 17.4543 18.2886 17.4546 18.2884 17.4548L14.7834 21.0466L11.2757 17.452C11.2756 17.4519 11.2755 17.4517 11.2753 17.4516C10.5681 16.7252 10.4682 15.3856 11.4108 14.5876L11.4112 14.5872C12.0748 14.0248 13.202 14.0556 13.949 14.8205L14.7824 15.674L15.6158 14.8205C16.3618 14.0567 17.4896 14.0256 18.1545 14.5879" fill="#EB0203"></path>
                        </svg>
                        </button>
                        </div>
                        <div class="col-sm-10 col-12">
                        <div class="ct-tile-quantity d-none" data-pid="2533124">
                        <input type="hidden" class="add-to-cart-url" value="https://www.continente.pt/on/demandware.store/Sites-continente-Site/default/Cart-AddProduct">
                        <div class="d-none tile-delete-confirmation-btn" data-pid="2533124" data-delay-time="3000" data-in-cart-msg="no carrinho" data-one-product-added="Adicionado ao carrinho" data-remove-from-cart-msg="Removido do carrinho" data-stay-open="6000.0" data-confirmation-image="{&quot;url&quot;:&quot;https://www.continente.pt/dw/image/v2/BDVS_PRD/on/demandware.static/-/Sites-col-master-catalog/default/dw8e25398c/images/col/253/2533124-cima.jpg?sw=87&amp;sh=80&quot;,&quot;fallbackimage&quot;:{&quot;url&quot;:&quot;https://www.continente.pt/dw/image/v2/BDVS_PRD/on/demandware.static/Sites-continente-Site/-/default/dw7c42b4da/images/noimagelarge_product.png?sw=87&amp;sh=80&quot;,&quot;title&quot;:&quot;Atum Posta em Óleo&quot;,&quot;alt&quot;:&quot;Atum Posta em Óleo&quot;},&quot;title&quot;:&quot;Atum Posta em Óleo&quot;,&quot;alt&quot;:&quot;Atum Posta em Óleo&quot;}"></div>
                        <div class="ct-tile-quantity-update quantity-update product-qty-vue" data-remove-action="https://www.continente.pt/on/demandware.store/Sites-continente-Site/default/Cart-RemoveProductLineItem" data-action="https://www.continente.pt/on/demandware.store/Sites-continente-Site/default/Cart-UpdateQuantity" data-dimension-update="https://www.continente.pt/on/demandware.store/Sites-continente-Site/default/Cart-DimensionUpdate" data-pid="2533124" data-uuid="1b8e5bdd069efa161c85ffdeb6" data-add-delay="500.0" data-measure-options="{&quot;hasConversionRate&quot;:false,&quot;hasAlternativeSaleUnit&quot;:false,&quot;unitConversionRate&quot;:null,&quot;minOrderQuantity&quot;:1,&quot;stepQuantity&quot;:1,&quot;primaryunit&quot;:&quot;un&quot;,&quot;secondaryunit&quot;:&quot;kg&quot;,&quot;selectedunit&quot;:&quot;primary&quot;,&quot;maxNumberOfUnitsPerSale&quot;:50}" data-price-available="null" :data-has-error="isMaxQtyReached || isMinQtyReached || qtySelectedMoreThanOne">
                        <template v-show="prodUnits">
                        <div class="quantity-input-wrapper has-units">
                        <label class="visually-hidden" :for="'quantity-' + pid + additionalTag">
                        Quantidade no carrinho
                        </label>
                        <input :ref="'quantityInput-' + pid + additionalTag" class="add-to-cart-quantity form-control ct-form-input text-center" inputmode="numeric" :class="{'is-invalid': isInvalid}" :data-pid="pid + additionalTag" :name="'quantity-' + pid + additionalTag" type="text" aria-label="Insira a quantidade" title="" v-model="displayValue" @change="updateQuantity" @focus="updateQtyFormat" @blur="restoreQtyFormat" :disabled="!isPriceAvailable">
                        <span class="quantity-icon quantity-icon--minus">
                        <button class="decrease-quantity-btn" @click="updateQuantity" :disabled="!isPriceAvailable" role="button" aria-label="Reduzir quantidade">
                        <i class="css-math-minus"></i>
                        </button>
                        </span>
                        <span class="quantity-icon quantity-icon--plus">
                        <button class="increase-quantity-btn" @click="updateQuantity" :disabled="isMaxQtyReached || !isPriceAvailable" role="button" aria-label="Aumentar quantidade">
                        <i class="css-math-plus"></i>
                        </button>
                        <span class="quantity-btn-disabled-placeholder"></span>
                        </span>
                        <template v-if="isPDP">
                        <span class="quantity-error ct-span-error text-sm-center product-max-allocation" v-if="isMaxQtyReached">
                        Quantidade máxima atingida
                        </span>
                        <span class="quantity-error ct-span-product text-sm-center product-allocation" v-if="!isMinQtyReached &amp;&amp; !isMaxQtyReached">
                        {{quantitySelected}} no carrinho
                        </span>
                        <span class="quantity-error ct-span-error text-sm-center product-min-allocation" :data-pid="pid" v-if="isMinQtyReached &amp;&amp; !isMaxQtyReached">
                        Quantidade mínima atingida
                        </span>
                        </template>
                        </div>
                        <template v-if="showNotes">
                        <div class="add-note-link-container ">
                        <div class="add-note">
                        <a href="/produto/atum-posta-em-oleo-bom-petisco-2533124.html?showNote=true" class="ct-add-note-redirect-pdp" aria-label="Adicionar comentário">
                        <span class="svg-wrapper svg-icon-notes" style="width:19px; height:20px">
                        <svg class="svg-inline icon-notes" viewBox="0 0 28 30" xmlns="http://www.w3.org/2000/svg" width="100%" height="100%"><path d="M21.738 0C22.985 0 24 1.04 24 2.319V12.47c0 .469-.37.848-.828.848-.457 0-.827-.38-.827-.848V2.32c0-.343-.273-.622-.607-.622H2.262c-.334 0-.607.279-.607.622V27.68c0 .343.273.622.607.622h7.81c.457 0 .827.38.827.849 0 .468-.37.848-.827.848h-7.81C1.015 30 0 28.96 0 27.681V2.32C0 1.04 1.015 0 2.262 0h19.476zm2.844 16.004l.227.007c.823.053 1.589.39 2.176.964.64.627.993 1.46.993 2.349 0 .888-.353 1.722-.993 2.348l-6.83 6.665c-.11.108-.247.186-.397.226l-5.032 1.363c-.078.021-.16.032-.241.032-.242 0-.478-.097-.647-.266-.23-.231-.314-.566-.218-.874l1.49-4.798c.044-.139.122-.266.227-.369l6.844-6.677c.64-.625 1.493-.97 2.401-.97zm-2.886 3.94l-4.922 4.802-.947 3.048 3.22-.872 4.897-4.78-2.248-2.197zm2.887-2.174c-.425 0-.824.162-1.124.455l-.484.472 2.248 2.197.484-.472c.62-.606.62-1.591 0-2.197l-.117-.104c-.283-.227-.636-.35-1.007-.35zm-10.839.022c.498 0 .904.396.904.883 0 .488-.406.884-.904.884H5.946c-.499 0-.904-.396-.904-.884 0-.487.405-.883.904-.883zm5.042-4.876c.498 0 .904.397.904.884s-.406.884-.904.884H5.946c-.499 0-.904-.397-.904-.884s.405-.884.904-.884zm0-4.875c.498 0 .904.396.904.884 0 .487-.406.883-.904.883H5.946c-.499 0-.904-.396-.904-.883 0-.488.405-.884.904-.884z" fill="#EB0203" fill-rule="evenodd"></path></svg>
                        </span>
                        <div class="available-note d-none"></div>
                        </a>
                        </div>
                        </div>
                        </template>
                        <div class="measurement-unit-section" v-if="isPriceAvailable &amp;&amp; prodUnits ? prodUnits.hasAlternativeUnit : false">
                        <div class="ct-form-radio" @click="setDimension">
                        <input type="radio" title="" class="ct-form-check-input product-measurement-unit" :data-type="prodUnits.selectedUnit == prodUnits.secondaryUnit ? 'primary' : ''" :id="prodUnits.secondaryUnit + '-' + pid + '-measurement-unit-ptile' + additionalTag" :name="'measurement-unit-' + pid + '-ptile' + additionalTag" :value="prodUnits.secondaryUnit" v-model="prodUnits.selectedUnit">
                        <label :class="prodUnits.secondaryUnit + '-label ct-form-check-label mb-0'" :for="prodUnits.secondaryUnit + '-' + pid + '-measurement-unit-ptile' + additionalTag">
                        {{prodUnits.secondaryUnit}}
                        </label>
                        <span class="checkmark"></span>
                        </div>
                        <div class="ct-form-radio" @click="setDimension">
                        <input type="radio" title="" class="ct-form-check-input product-measurement-unit" :data-type="prodUnits.selectedUnit == prodUnits.primaryUnit ? 'primary' : ''" :id="prodUnits.primaryUnit + '-' + pid + '-measurement-unit-ptile' + additionalTag" :name="'measurement-unit-' + pid + '-ptile' + additionalTag" :value="prodUnits.primaryUnit" v-model="prodUnits.selectedUnit">
                        <label :class="prodUnits.primaryUnit + '-label ct-form-check-label mb-0'" :for="prodUnits.primaryUnit + '-' + pid + '-measurement-unit-ptile' + additionalTag">
                        {{prodUnits.primaryUnit}}
                        </label>
                        <span class="checkmark"></span>
                        </div>
                        </div>
                        <template v-if="!isPDP &amp;&amp; isPriceAvailable">
                        <span class="quantity-error ct-span-error product-max-allocation" v-if="isMaxQtyReached">
                        Quantidade máxima atingida
                        </span>
                        <span class="quantity-error ct-span-product product-allocation" v-if="!isMinQtyReached &amp;&amp; !isMaxQtyReached">
                        {{quantitySelected}} no carrinho
                        </span>
                        <span class="quantity-error ct-span-error product-min-allocation" :data-pid="pid" v-if="isMinQtyReached &amp;&amp; !isMaxQtyReached">
                        Quantidade mínima atingida
                        </span>
                        </template>
                        </template>
                        </div>
                        <input class="quantity-value-mask d-none" name="quantity" type="number" min="0" value="">
                        </div>
                        <button type="button" class="add-to-cart button js-add-to-cart js-add-to-cart-tile 2533124 button--primary dynamic-layout-btn" data-toggle="modal" data-target="#chooseBonusProductModal" data-pid="2533124" data-quantity-value="null" aria-label="Carrinho">
                        <span class="d-block d-sm-none">
                        <span class="svg-wrapper svg-icon-cart" style="width:20px; height:20px">
                        <svg class="svg-inline icon-cart" xmlns="http://www.w3.org/2000/svg" viewBox="0 0 500 500" width="100%" height="100%"><path fill="#EB0203" fill-rule="evenodd" d="M 485.67317,94.386311 C 476.37798,83.847129 463.09468,78.03348 448.30404,78.03348 H 90.690813 L 87.079511,51.327997 C 83.185582,22.539551 62.962285,0 41.011841,0 H 14.727836 C 6.563151,0 0,6.5286975 0,14.580758 c 0,8.05206 6.5945535,14.580758 14.727836,14.580758 h 26.284005 c 4.710398,0 14.696435,9.855222 16.894619,26.021523 L 100.01739,368.0631 c 1.88416,13.77244 9.01256,26.70549 20.1605,36.37417 8.25889,7.15046 18.02511,11.9071 28.26237,13.89679 -4.17655,7.58572 -6.53175,16.25957 -6.53175,25.493 0,29.53459 24.27424,53.59751 54.13815,53.59751 29.8325,0 54.13814,-24.03184 54.13814,-53.59751 0,-8.79818 -2.19818,-17.09897 -5.9979,-24.43598 h 77.12488 c -3.79973,7.33701 -5.96652,15.6378 -5.96652,24.43598 0,29.53459 24.27424,53.59751 54.13817,53.59751 29.83249,0 54.13814,-24.03184 54.13814,-53.59751 0,-8.79818 -2.1982,-17.09897 -5.9979,-24.43598 h 38.56243 c 8.13328,0 14.72783,-6.5287 14.72783,-14.61183 0,-8.02098 -6.59455,-14.54967 -14.72783,-14.54967 H 159.24277 c -14.38241,0 -28.13677,-11.90711 -30.02092,-26.02153 l -3.07746,-22.88154 h 290.6314 c 14.03698,0 27.94834,-5.28513 39.06488,-14.95381 11.11652,-9.6376 18.27632,-22.57065 20.16048,-36.37417 l 21.10259,-156.78201 c 1.94694,-14.51858 -2.10398,-28.29103 -11.43057,-38.861299 z M 220.76053,443.82706 c 0,13.49265 -11.08513,24.46709 -24.68247,24.46709 -13.62874,0 -24.71387,-10.97444 -24.71387,-24.46709 0,-13.49262 11.08513,-24.43598 24.71387,-24.43598 13.59734,0 24.68247,10.94336 24.68247,24.43598 z m 173.43675,0 c 0,13.49265 -11.08512,24.46709 -24.68245,24.46709 -13.62876,0 -24.71388,-10.97444 -24.71388,-24.46709 0,-13.49262 11.08512,-24.43598 24.71388,-24.43598 13.59733,0 24.68245,10.94336 24.68245,24.43598 z m 73.7648,-314.46558 -21.13397,156.782 c -1.88416,14.11442 -15.63851,26.05261 -30.02091,26.05261 H 122.25046 L 94.616142,107.19499 H 448.33544 c 6.18632,0 11.61896,2.2695 15.23028,6.37326 3.64269,4.13484 5.21283,9.73086 4.39636,15.79323 z"></path></svg>
                        </span>
                        </span>
                        <span class="add-to-cart--text d-none d-sm-block">Carrinho</span>
                        </button>
                        </div>
                        </div>
                        </div>
                        </div>
                        
                        <div class="col-12 d-sm-none">
                        </div>
                        </div>
                        </div>
                        </div>
                        </div>
                        <div class="col-12 col-sm-3 col-lg-2 productTile" data-idx="5">
                        
                        <script type="text/javascript">//<!--
                        /* <![CDATA[ */
                        (function(){
                        try {
                            if(window.CQuotient) {
                            var cq_params = {};
                            
                            cq_params.cookieId = window.CQuotient.getCQCookieId();
                            cq_params.userId = window.CQuotient.getCQUserId();
                            cq_params.emailId = CQuotient.getCQHashedEmail();
                            cq_params.loginId = CQuotient.getCQHashedLogin();
                            cq_params.accumulate = true;
                            cq_params.products = [{
                                id: '4403919',
                                sku: ''
                            }];
                            cq_params.categoryId = 'mercearias';
                            cq_params.refinements = '[{\"name\":\"priceMin\",\"value\":\"0.01\"},{\"name\":\"priceMax\",\"value\":\"null\"},{\"name\":\"curr\",\"value\":\"EUR\"},{\"name\":\"Category\",\"value\":\"mercearias\"}]';
                            cq_params.personalized = 'false';
                            cq_params.sortingRule = 'FOOD_Mercearia';
                            cq_params.imageUUID = '__UNDEFINED__';
                            cq_params.realm = "BDVS";
                            cq_params.siteId = "continente";
                            cq_params.instanceType = "prd";
                            cq_params.queryLocale = "default";
                            cq_params.locale = window.CQuotient.locale;
                            
                            if(window.CQuotient.sendActivity)
                                window.CQuotient.sendActivity(CQuotient.clientId, 'viewCategory', cq_params);
                            else
                                window.CQuotient.activities.push({
                                    activityType: 'viewCategory',
                                    parameters: cq_params
                                });
                          }
                        } catch(err) {}
                        })();
                        /* ]]> */
                        // -->
                        </script>
                        <script type="text/javascript">//<!--
                        /* <![CDATA[ (viewCategoryProduct-active_data.js) */
                        (function(){
                        try {
                            if (dw.ac) {
                                var search_params = {};
                                search_params.persd = 'false';
                                search_params.refs = '[{\"name\":\"priceMin\",\"value\":\"0.01\"},{\"name\":\"priceMax\",\"value\":\"null\"},{\"name\":\"curr\",\"value\":\"EUR\"},{\"name\":\"Category\",\"value\":\"mercearias\"}]';
                                search_params.sort = 'FOOD_Mercearia';
                                search_params.imageUUID = '';
                                search_params.searchID = 'afeeff71-841d-471a-a4b6-1885a5ac2689';
                                search_params.locale = 'default';
                                search_params.queryLocale = 'default';
                                search_params.showProducts = 'true';
                                dw.ac.applyContext({category: "mercearias", searchData: search_params});
                                if (typeof dw.ac._scheduleDataSubmission === "function") {
                                    dw.ac._scheduleDataSubmission();
                                }
                            }
                        } catch(err) {}
                        })();
                        /* ]]> */
                        // -->
                        </script>
                        <script type="text/javascript">//<!--
                        /* <![CDATA[ (viewProduct-active_data.js) */
                        dw.ac._capture({id: "4403919", type: "searchhit"});
                        /* ]]> */
                        // -->
                        </script>
                        <div class="product" data-pid="4403919">
                        <div class="product-tile pid-4403919 ct-product-tile data-layer-pushed" data-delay-time="3000" data-variants-mapping="[]" data-in-cart-msg="no carrinho" data-one-product-added="Adicionado ao carrinho" data-remove-from-cart-msg="Removido do carrinho" data-stay-open="6000.0" data-product-tile-impression="{&quot;name&quot;:&quot;4403919&quot;,&quot;id&quot;:&quot;4403919&quot;,&quot;price&quot;:2.64,&quot;brand&quot;:&quot;Fula&quot;,&quot;category&quot;:[{&quot;category_level_1&quot;:&quot;Mercearia&quot;},{&quot;category_level_2&quot;:&quot;Azeite, Óleo e Vinagre&quot;},{&quot;category_level_3&quot;:&quot;Óleo Alimentar&quot;}],&quot;variant&quot;:&quot;&quot;}">
                        <div class="ct-inner-tile-wrap row no-gutters justify-content-center align-content-start">
                        <div class="ct-product-tile-badge ct-product-tile-badge--promotional">
                        <img class="img-fluid lazyloaded" loading="lazy" data-src="https://www.continente.pt/dw/image/v2/BDVS_PRD/on/demandware.static/-/Sites-continente-Library/default/dwf5980f2e/images/badges/pvpr/col/pvpr.png?sw=60&amp;sh=42" alt="PVP Recomendado: €3,49/un" title="PVP Recomendado: €3,49/un" src="https://www.continente.pt/dw/image/v2/BDVS_PRD/on/demandware.static/-/Sites-continente-Library/default/dwf5980f2e/images/badges/pvpr/col/pvpr.png?sw=60&amp;sh=42">
                        <div class="ct-product-tile-badge-value-wrapper ct-product-tile-badge-value-wrapper--pvpr  ">
                        <div class="ct-product-tile-badge-addition d-flex flex-column align-self-center text-center">
                        <span class="ct-product-tile-badge-addition--sign">
                        +
                        </span>
                        <span class="ct-product-tile-badge-addition--text">
                        DE
                        </span>
                        </div>
                        <span class="ct-product-tile-badge-value--pvpr">
                        20
                        </span>
                        <span class="ct-product-tile-badge-value--pvpr-quantifier ">
                        %
                        </span>
                        </div>
                        </div>
                        
                        <div class="ct-image-container col-4 col-sm" data-confirmation-image="{&quot;url&quot;:&quot;https://www.continente.pt/dw/image/v2/BDVS_PRD/on/demandware.static/-/Sites-col-master-catalog/default/dwfea18d99/images/col/440/4403919-frente.jpg?sw=87&amp;sh=80&quot;,&quot;fallbackimage&quot;:{&quot;url&quot;:&quot;https://www.continente.pt/dw/image/v2/BDVS_PRD/on/demandware.static/Sites-continente-Site/-/default/dw7c42b4da/images/noimagelarge_product.png?sw=87&amp;sh=80&quot;,&quot;title&quot;:&quot;Óleo de Girassol Puro&quot;,&quot;alt&quot;:&quot;Óleo de Girassol Puro&quot;},&quot;title&quot;:&quot;Óleo de Girassol Puro&quot;,&quot;alt&quot;:&quot;Óleo de Girassol Puro&quot;}">
                        <a href="https://www.continente.pt/produto/oleo-de-girassol-puro-fula-4403919.html?cgid=mercearias">
                        <picture class="intrinsic intrinsic--square">
                        <img class="ct-tile-image lazyloaded" loading="lazy" onerror="this.onerror=null;this.src='/on/demandware.static/Sites-continente-Site/-/default/dw7c42b4da/images/noimagelarge_product.png';" data-src="https://www.continente.pt/dw/image/v2/BDVS_PRD/on/demandware.static/-/Sites-col-master-catalog/default/dwfea18d99/images/col/440/4403919-frente.jpg?sw=280&amp;sh=280" alt="Óleo de Girassol Puro" title="Óleo de Girassol Puro" src="https://www.continente.pt/dw/image/v2/BDVS_PRD/on/demandware.static/-/Sites-col-master-catalog/default/dwfea18d99/images/col/440/4403919-frente.jpg?sw=280&amp;sh=280">
                        </picture>
                        </a>
                        <div class="color-swatches d-flex" style="margin-left: 5px;">
                        <div class="swatches d-flex">
                        
                        </div>
                        </div>
                        </div>
                        <div class="ct-tile-body col col-sm-auto ">
                        <div class="ct-pdp-details">
                        <div class="ct-pdp-link">
                        <a class="ct-tile--description" href="https://www.continente.pt/produto/oleo-de-girassol-puro-fula-4403919.html?cgid=mercearias">Óleo de Girassol Puro</a>
                        <div class="ct-tile--favorite-top d-sm-none">
                        <button class="wishlist-toggler guest-mode inactive button button--tertiary" data-pid="4403919" data-add-url="https://www.continente.pt/on/demandware.store/Sites-continente-Site/default/Wishlist-AddProduct?pid=4403919" data-toggle="tooltip" aria-label="Adicionar aos favoritos " data-original-title="Adicionar aos favoritos" data-placement="top">
                        <svg class="active-content" width="100%" height="100%" viewBox="0 0 20 22" fill="none" xmlns="http://www.w3.org/2000/svg">
                        <path fill-rule="evenodd" clip-rule="evenodd" d="M0 1.53052C0 0.685236 0.692171 0 1.54601 0H15.0736C15.9274 0 16.6196 0.685235 16.6196 1.53052V13.4064L15.8127 13.922L14.2658 14.2658L12.7189 13.4064L10.6054 14.3818C10.4994 14.2451 10.3327 14.157 10.1452 14.157H6.76329C6.4431 14.157 6.18354 14.414 6.18354 14.731C6.18354 15.0479 6.4431 15.3049 6.76329 15.3049H10.1452C10.2478 15.3049 10.3441 15.2785 10.4277 15.2322L10.3126 16.8439L13.2345 20.2793H1.54601C0.69217 20.2793 0 19.5941 0 18.7488V1.53052ZM6.18354 5.5483C6.18354 5.23132 6.4431 4.97436 6.76329 4.97436H12.3676C12.6878 4.97436 12.9473 5.23132 12.9473 5.5483C12.9473 5.86528 12.6878 6.12224 12.3676 6.12224H6.76329C6.4431 6.12224 6.18354 5.86528 6.18354 5.5483ZM6.76329 11.0961C6.4431 11.0961 6.18354 11.3531 6.18354 11.6701C6.18354 11.987 6.4431 12.244 6.76329 12.244H12.3676C12.6878 12.244 12.9473 11.987 12.9473 11.6701C12.9473 11.3531 12.6878 11.0961 12.3676 11.0961H6.76329ZM6.18354 8.60985C6.18354 8.29287 6.4431 8.03591 6.76329 8.03591H12.3676C12.6878 8.03591 12.9473 8.29287 12.9473 8.60985C12.9473 8.92684 12.6878 9.1838 12.3676 9.1838H6.76329C6.4431 9.1838 6.18354 8.92684 6.18354 8.60985ZM3.67118 5.5483C3.67118 5.23132 3.93075 4.97436 4.25093 4.97436H4.63743C4.95762 4.97436 5.21719 5.23132 5.21719 5.5483C5.21719 5.86528 4.95762 6.12224 4.63743 6.12224H4.25093C3.93075 6.12224 3.67118 5.86528 3.67118 5.5483ZM4.25093 11.0961C3.93075 11.0961 3.67118 11.3531 3.67118 11.6701C3.67118 11.987 3.93075 12.244 4.25093 12.244H4.63743C4.95762 12.244 5.21719 11.987 5.21719 11.6701C5.21719 11.3531 4.95762 11.0961 4.63743 11.0961H4.25093ZM3.67118 8.60985C3.67118 8.29287 3.93075 8.03591 4.25093 8.03591H4.63743C4.95762 8.03591 5.21719 8.29287 5.21719 8.60985C5.21719 8.92684 4.95762 9.1838 4.63743 9.1838H4.25093C3.93075 9.1838 3.67118 8.92684 3.67118 8.60985ZM4.25093 14.157C3.93075 14.157 3.67118 14.414 3.67118 14.731C3.67118 15.0479 3.93075 15.3049 4.25093 15.3049H4.63743C4.95762 15.3049 5.21719 15.0479 5.21719 14.731C5.21719 14.414 4.95762 14.157 4.63743 14.157H4.25093Z" fill="#EB0203"></path>
                        <path fill-rule="evenodd" clip-rule="evenodd" d="M14.6252 13.6363C13.4918 12.6215 11.7817 12.5264 10.6569 13.4792C9.12421 14.7764 9.34841 16.8912 10.4409 18.0122L14.0159 21.6742C14.2197 21.8832 14.4928 22 14.7822 22C15.0737 22 15.3448 21.8852 15.5486 21.6762L19.1236 18.0142C20.214 16.8933 20.4423 14.7785 18.9075 13.4792C17.7827 12.5283 16.0724 12.6217 14.9391 13.6365C14.8855 13.6845 14.8331 13.7345 14.7822 13.7866C14.7313 13.7345 14.6789 13.6843 14.6252 13.6363ZM18.1546 14.3522C19.0973 15.1508 18.9962 16.4896 18.2891 17.2173C18.2888 17.2175 18.2886 17.2177 18.2884 17.218L14.7832 20.8084L11.2753 17.2151C11.2752 17.215 11.2751 17.2149 11.2749 17.2148C10.5677 16.4887 10.4678 15.1495 11.4104 14.3518L11.4108 14.3514C12.0745 13.7892 13.2018 13.82 13.9488 14.5846L14.7822 15.4378L15.6157 14.5846C16.3617 13.8211 17.4896 13.79 18.1545 14.3521" fill="#EB0203"></path>
                        </svg>
                        <svg class="inactive-content" width="100%" height="100%" viewBox="0 0 20 23" fill="none" xmlns="http://www.w3.org/2000/svg">
                        <path fill-rule="evenodd" clip-rule="evenodd" d="M6.18408 5.77914C6.18408 5.46223 6.44363 5.20532 6.7638 5.20532H12.3678C12.6879 5.20532 12.9475 5.46223 12.9475 5.77914C12.9475 6.09606 12.6879 6.35297 12.3678 6.35297H6.7638C6.44363 6.35297 6.18408 6.09606 6.18408 5.77914Z" fill="#EB0203"></path>
                        <path fill-rule="evenodd" clip-rule="evenodd" d="M6.18408 11.9034C6.18408 11.5865 6.44363 11.3296 6.7638 11.3296H12.3678C12.6879 11.3296 12.9475 11.5865 12.9475 11.9034C12.9475 12.2202 12.6879 12.4771 12.3678 12.4771H6.7638C6.44363 12.4771 6.18408 12.2202 6.18408 11.9034Z" fill="#EB0203"></path>
                        <path fill-rule="evenodd" clip-rule="evenodd" d="M6.18408 8.84116C6.18408 8.52424 6.44363 8.26733 6.7638 8.26733H12.3678C12.6879 8.26733 12.9475 8.52424 12.9475 8.84116C12.9475 9.15807 12.6879 9.41498 12.3678 9.41498H6.7638C6.44363 9.41498 6.18408 9.15807 6.18408 8.84116Z" fill="#EB0203"></path>
                        <path fill-rule="evenodd" clip-rule="evenodd" d="M6.18408 14.9655C6.18408 14.6486 6.44363 14.3917 6.7638 14.3917H10.1455C10.4657 14.3917 10.7252 14.6486 10.7252 14.9655C10.7252 15.2825 10.4657 15.5394 10.1455 15.5394H6.7638C6.44363 15.5394 6.18408 15.2825 6.18408 14.9655Z" fill="#EB0203"></path>
                        <path fill-rule="evenodd" clip-rule="evenodd" d="M3.67139 5.77914C3.67139 5.46223 3.93094 5.20532 4.25111 5.20532H4.63759C4.95776 5.20532 5.21731 5.46223 5.21731 5.77914C5.21731 6.09606 4.95776 6.35297 4.63759 6.35297H4.25111C3.93094 6.35297 3.67139 6.09606 3.67139 5.77914Z" fill="#EB0203"></path>
                        <path fill-rule="evenodd" clip-rule="evenodd" d="M3.67139 11.9034C3.67139 11.5865 3.93094 11.3296 4.25111 11.3296H4.63759C4.95776 11.3296 5.21731 11.5865 5.21731 11.9034C5.21731 12.2202 4.95776 12.4771 4.63759 12.4771H4.25111C3.93094 12.4771 3.67139 12.2202 3.67139 11.9034Z" fill="#EB0203"></path>
                        <path fill-rule="evenodd" clip-rule="evenodd" d="M3.67139 8.84116C3.67139 8.52424 3.93094 8.26733 4.25111 8.26733H4.63759C4.95776 8.26733 5.21731 8.52424 5.21731 8.84116C5.21731 9.15807 4.95776 9.41498 4.63759 9.41498H4.25111C3.93094 9.41498 3.67139 9.15807 3.67139 8.84116Z" fill="#EB0203"></path>
                        <path fill-rule="evenodd" clip-rule="evenodd" d="M3.67139 14.9655C3.67139 14.6486 3.93094 14.3917 4.25111 14.3917H4.63759C4.95776 14.3917 5.21731 14.6486 5.21731 14.9655C5.21731 15.2825 4.95776 15.5394 4.63759 15.5394H4.25111C3.93094 15.5394 3.67139 15.2825 3.67139 14.9655Z" fill="#EB0203"></path>
                        <path fill-rule="evenodd" clip-rule="evenodd" d="M0 1.76033C0 0.914738 0.692131 0.229248 1.54592 0.229248H15.0727C15.9265 0.229248 16.6186 0.914738 16.6186 1.76033V11.2818C16.6186 11.5989 16.3591 11.8559 16.0389 11.8559C15.7187 11.8559 15.4592 11.5989 15.4592 11.2818V1.76033C15.4592 1.54893 15.2862 1.37756 15.0727 1.37756H1.54592C1.33247 1.37756 1.15944 1.54893 1.15944 1.76033V18.985C1.15944 19.1964 1.33247 19.3678 1.54592 19.3678H9.27551C9.59568 19.3678 9.85523 19.6249 9.85523 19.942C9.85523 20.2591 9.59568 20.5161 9.27551 20.5161H1.54592C0.692131 20.5161 0 19.8306 0 18.985V1.76033Z" fill="#EB0203"></path>
                        <path fill-rule="evenodd" clip-rule="evenodd" d="M14.6254 13.8718C13.4921 12.8567 11.7821 12.7615 10.6574 13.7147C9.12472 15.0124 9.34891 17.128 10.4413 18.2493L14.0161 21.9126C14.2199 22.1217 14.493 22.2386 14.7824 22.2386C15.0739 22.2386 15.3449 22.1238 15.5487 21.9147L19.1235 18.2514C20.2139 17.13 20.4422 15.0144 18.9075 13.7147C17.7827 12.7634 16.0726 12.8569 14.9392 13.872C14.8856 13.92 14.8333 13.9701 14.7824 14.0222C14.7314 13.97 14.6791 13.9199 14.6254 13.8718ZM18.1546 14.588C19.0972 15.3869 18.9961 16.7262 18.2891 17.4541C18.2888 17.4543 18.2886 17.4546 18.2884 17.4548L14.7834 21.0466L11.2757 17.452C11.2756 17.4519 11.2755 17.4517 11.2753 17.4516C10.5681 16.7252 10.4682 15.3856 11.4108 14.5876L11.4112 14.5872C12.0748 14.0248 13.202 14.0556 13.949 14.8205L14.7824 15.674L15.6158 14.8205C16.3618 14.0567 17.4896 14.0256 18.1545 14.5879" fill="#EB0203"></path>
                        </svg>
                        </button>
                        </div>
                        </div>
                        <p class="ct-tile--brand">Fula</p>
                        <p class="ct-tile--quantity">emb. 1 lt</p>
                        </div>
                        
                        <div class="ct-tile-bottom row no-gutters justify-content-between">
                        <div class="ct-price-wrap col-8 col-sm-12">
                        <div class="price js-product-price">
                        <div class="prices-wrapper">
                        <span class="sales ct-tile--price-primary ">
                        <span class="value" content="2.64">
                        <span class="ct-price-formatted">
                        €2,64
                        </span>
                        <span class="ct-m-unit">
                        /un
                        </span>
                        </span>
                        </span>
                        </div>
                        <div class="ct-tile--price-secondary">
                        <span class="ct-price-value">
                        €2,64
                        </span>
                        <span class="ct-m-unit">
                        /lt
                        </span>
                        </div>
                        <p class="ct-discount-amount ct-discount-amount-pvpr">PVP Recomendado: €3,49/un</p>
                        </div>
                        </div>
                        <div class="ct-tile-buy-section d-flex justify-content-center no-gutters col-auto col-sm-12">
                        <div class="col-2 d-sm-flex d-none">
                        <button class="wishlist-toggler guest-mode inactive button button--tertiary" data-pid="4403919" data-add-url="https://www.continente.pt/on/demandware.store/Sites-continente-Site/default/Wishlist-AddProduct?pid=4403919" data-toggle="tooltip" aria-label="Adicionar aos favoritos " data-original-title="Adicionar aos favoritos" data-placement="top">
                        <svg class="active-content" width="100%" height="100%" viewBox="0 0 20 22" fill="none" xmlns="http://www.w3.org/2000/svg">
                        <path fill-rule="evenodd" clip-rule="evenodd" d="M0 1.53052C0 0.685236 0.692171 0 1.54601 0H15.0736C15.9274 0 16.6196 0.685235 16.6196 1.53052V13.4064L15.8127 13.922L14.2658 14.2658L12.7189 13.4064L10.6054 14.3818C10.4994 14.2451 10.3327 14.157 10.1452 14.157H6.76329C6.4431 14.157 6.18354 14.414 6.18354 14.731C6.18354 15.0479 6.4431 15.3049 6.76329 15.3049H10.1452C10.2478 15.3049 10.3441 15.2785 10.4277 15.2322L10.3126 16.8439L13.2345 20.2793H1.54601C0.69217 20.2793 0 19.5941 0 18.7488V1.53052ZM6.18354 5.5483C6.18354 5.23132 6.4431 4.97436 6.76329 4.97436H12.3676C12.6878 4.97436 12.9473 5.23132 12.9473 5.5483C12.9473 5.86528 12.6878 6.12224 12.3676 6.12224H6.76329C6.4431 6.12224 6.18354 5.86528 6.18354 5.5483ZM6.76329 11.0961C6.4431 11.0961 6.18354 11.3531 6.18354 11.6701C6.18354 11.987 6.4431 12.244 6.76329 12.244H12.3676C12.6878 12.244 12.9473 11.987 12.9473 11.6701C12.9473 11.3531 12.6878 11.0961 12.3676 11.0961H6.76329ZM6.18354 8.60985C6.18354 8.29287 6.4431 8.03591 6.76329 8.03591H12.3676C12.6878 8.03591 12.9473 8.29287 12.9473 8.60985C12.9473 8.92684 12.6878 9.1838 12.3676 9.1838H6.76329C6.4431 9.1838 6.18354 8.92684 6.18354 8.60985ZM3.67118 5.5483C3.67118 5.23132 3.93075 4.97436 4.25093 4.97436H4.63743C4.95762 4.97436 5.21719 5.23132 5.21719 5.5483C5.21719 5.86528 4.95762 6.12224 4.63743 6.12224H4.25093C3.93075 6.12224 3.67118 5.86528 3.67118 5.5483ZM4.25093 11.0961C3.93075 11.0961 3.67118 11.3531 3.67118 11.6701C3.67118 11.987 3.93075 12.244 4.25093 12.244H4.63743C4.95762 12.244 5.21719 11.987 5.21719 11.6701C5.21719 11.3531 4.95762 11.0961 4.63743 11.0961H4.25093ZM3.67118 8.60985C3.67118 8.29287 3.93075 8.03591 4.25093 8.03591H4.63743C4.95762 8.03591 5.21719 8.29287 5.21719 8.60985C5.21719 8.92684 4.95762 9.1838 4.63743 9.1838H4.25093C3.93075 9.1838 3.67118 8.92684 3.67118 8.60985ZM4.25093 14.157C3.93075 14.157 3.67118 14.414 3.67118 14.731C3.67118 15.0479 3.93075 15.3049 4.25093 15.3049H4.63743C4.95762 15.3049 5.21719 15.0479 5.21719 14.731C5.21719 14.414 4.95762 14.157 4.63743 14.157H4.25093Z" fill="#EB0203"></path>
                        <path fill-rule="evenodd" clip-rule="evenodd" d="M14.6252 13.6363C13.4918 12.6215 11.7817 12.5264 10.6569 13.4792C9.12421 14.7764 9.34841 16.8912 10.4409 18.0122L14.0159 21.6742C14.2197 21.8832 14.4928 22 14.7822 22C15.0737 22 15.3448 21.8852 15.5486 21.6762L19.1236 18.0142C20.214 16.8933 20.4423 14.7785 18.9075 13.4792C17.7827 12.5283 16.0724 12.6217 14.9391 13.6365C14.8855 13.6845 14.8331 13.7345 14.7822 13.7866C14.7313 13.7345 14.6789 13.6843 14.6252 13.6363ZM18.1546 14.3522C19.0973 15.1508 18.9962 16.4896 18.2891 17.2173C18.2888 17.2175 18.2886 17.2177 18.2884 17.218L14.7832 20.8084L11.2753 17.2151C11.2752 17.215 11.2751 17.2149 11.2749 17.2148C10.5677 16.4887 10.4678 15.1495 11.4104 14.3518L11.4108 14.3514C12.0745 13.7892 13.2018 13.82 13.9488 14.5846L14.7822 15.4378L15.6157 14.5846C16.3617 13.8211 17.4896 13.79 18.1545 14.3521" fill="#EB0203"></path>
                        </svg>
                        <svg class="inactive-content" width="100%" height="100%" viewBox="0 0 20 23" fill="none" xmlns="http://www.w3.org/2000/svg">
                        <path fill-rule="evenodd" clip-rule="evenodd" d="M6.18408 5.77914C6.18408 5.46223 6.44363 5.20532 6.7638 5.20532H12.3678C12.6879 5.20532 12.9475 5.46223 12.9475 5.77914C12.9475 6.09606 12.6879 6.35297 12.3678 6.35297H6.7638C6.44363 6.35297 6.18408 6.09606 6.18408 5.77914Z" fill="#EB0203"></path>
                        <path fill-rule="evenodd" clip-rule="evenodd" d="M6.18408 11.9034C6.18408 11.5865 6.44363 11.3296 6.7638 11.3296H12.3678C12.6879 11.3296 12.9475 11.5865 12.9475 11.9034C12.9475 12.2202 12.6879 12.4771 12.3678 12.4771H6.7638C6.44363 12.4771 6.18408 12.2202 6.18408 11.9034Z" fill="#EB0203"></path>
                        <path fill-rule="evenodd" clip-rule="evenodd" d="M6.18408 8.84116C6.18408 8.52424 6.44363 8.26733 6.7638 8.26733H12.3678C12.6879 8.26733 12.9475 8.52424 12.9475 8.84116C12.9475 9.15807 12.6879 9.41498 12.3678 9.41498H6.7638C6.44363 9.41498 6.18408 9.15807 6.18408 8.84116Z" fill="#EB0203"></path>
                        <path fill-rule="evenodd" clip-rule="evenodd" d="M6.18408 14.9655C6.18408 14.6486 6.44363 14.3917 6.7638 14.3917H10.1455C10.4657 14.3917 10.7252 14.6486 10.7252 14.9655C10.7252 15.2825 10.4657 15.5394 10.1455 15.5394H6.7638C6.44363 15.5394 6.18408 15.2825 6.18408 14.9655Z" fill="#EB0203"></path>
                        <path fill-rule="evenodd" clip-rule="evenodd" d="M3.67139 5.77914C3.67139 5.46223 3.93094 5.20532 4.25111 5.20532H4.63759C4.95776 5.20532 5.21731 5.46223 5.21731 5.77914C5.21731 6.09606 4.95776 6.35297 4.63759 6.35297H4.25111C3.93094 6.35297 3.67139 6.09606 3.67139 5.77914Z" fill="#EB0203"></path>
                        <path fill-rule="evenodd" clip-rule="evenodd" d="M3.67139 11.9034C3.67139 11.5865 3.93094 11.3296 4.25111 11.3296H4.63759C4.95776 11.3296 5.21731 11.5865 5.21731 11.9034C5.21731 12.2202 4.95776 12.4771 4.63759 12.4771H4.25111C3.93094 12.4771 3.67139 12.2202 3.67139 11.9034Z" fill="#EB0203"></path>
                        <path fill-rule="evenodd" clip-rule="evenodd" d="M3.67139 8.84116C3.67139 8.52424 3.93094 8.26733 4.25111 8.26733H4.63759C4.95776 8.26733 5.21731 8.52424 5.21731 8.84116C5.21731 9.15807 4.95776 9.41498 4.63759 9.41498H4.25111C3.93094 9.41498 3.67139 9.15807 3.67139 8.84116Z" fill="#EB0203"></path>
                        <path fill-rule="evenodd" clip-rule="evenodd" d="M3.67139 14.9655C3.67139 14.6486 3.93094 14.3917 4.25111 14.3917H4.63759C4.95776 14.3917 5.21731 14.6486 5.21731 14.9655C5.21731 15.2825 4.95776 15.5394 4.63759 15.5394H4.25111C3.93094 15.5394 3.67139 15.2825 3.67139 14.9655Z" fill="#EB0203"></path>
                        <path fill-rule="evenodd" clip-rule="evenodd" d="M0 1.76033C0 0.914738 0.692131 0.229248 1.54592 0.229248H15.0727C15.9265 0.229248 16.6186 0.914738 16.6186 1.76033V11.2818C16.6186 11.5989 16.3591 11.8559 16.0389 11.8559C15.7187 11.8559 15.4592 11.5989 15.4592 11.2818V1.76033C15.4592 1.54893 15.2862 1.37756 15.0727 1.37756H1.54592C1.33247 1.37756 1.15944 1.54893 1.15944 1.76033V18.985C1.15944 19.1964 1.33247 19.3678 1.54592 19.3678H9.27551C9.59568 19.3678 9.85523 19.6249 9.85523 19.942C9.85523 20.2591 9.59568 20.5161 9.27551 20.5161H1.54592C0.692131 20.5161 0 19.8306 0 18.985V1.76033Z" fill="#EB0203"></path>
                        <path fill-rule="evenodd" clip-rule="evenodd" d="M14.6254 13.8718C13.4921 12.8567 11.7821 12.7615 10.6574 13.7147C9.12472 15.0124 9.34891 17.128 10.4413 18.2493L14.0161 21.9126C14.2199 22.1217 14.493 22.2386 14.7824 22.2386C15.0739 22.2386 15.3449 22.1238 15.5487 21.9147L19.1235 18.2514C20.2139 17.13 20.4422 15.0144 18.9075 13.7147C17.7827 12.7634 16.0726 12.8569 14.9392 13.872C14.8856 13.92 14.8333 13.9701 14.7824 14.0222C14.7314 13.97 14.6791 13.9199 14.6254 13.8718ZM18.1546 14.588C19.0972 15.3869 18.9961 16.7262 18.2891 17.4541C18.2888 17.4543 18.2886 17.4546 18.2884 17.4548L14.7834 21.0466L11.2757 17.452C11.2756 17.4519 11.2755 17.4517 11.2753 17.4516C10.5681 16.7252 10.4682 15.3856 11.4108 14.5876L11.4112 14.5872C12.0748 14.0248 13.202 14.0556 13.949 14.8205L14.7824 15.674L15.6158 14.8205C16.3618 14.0567 17.4896 14.0256 18.1545 14.5879" fill="#EB0203"></path>
                        </svg>
                        </button>
                        </div>
                        <div class="col-sm-10 col-12">
                        <div class="ct-tile-quantity d-none" data-pid="4403919">
                        <input type="hidden" class="add-to-cart-url" value="https://www.continente.pt/on/demandware.store/Sites-continente-Site/default/Cart-AddProduct">
                        <div class="d-none tile-delete-confirmation-btn" data-pid="4403919" data-delay-time="3000" data-in-cart-msg="no carrinho" data-one-product-added="Adicionado ao carrinho" data-remove-from-cart-msg="Removido do carrinho" data-stay-open="6000.0" data-confirmation-image="{&quot;url&quot;:&quot;https://www.continente.pt/dw/image/v2/BDVS_PRD/on/demandware.static/-/Sites-col-master-catalog/default/dwfea18d99/images/col/440/4403919-frente.jpg?sw=87&amp;sh=80&quot;,&quot;fallbackimage&quot;:{&quot;url&quot;:&quot;https://www.continente.pt/dw/image/v2/BDVS_PRD/on/demandware.static/Sites-continente-Site/-/default/dw7c42b4da/images/noimagelarge_product.png?sw=87&amp;sh=80&quot;,&quot;title&quot;:&quot;Óleo de Girassol Puro&quot;,&quot;alt&quot;:&quot;Óleo de Girassol Puro&quot;},&quot;title&quot;:&quot;Óleo de Girassol Puro&quot;,&quot;alt&quot;:&quot;Óleo de Girassol Puro&quot;}"></div>
                        <div class="ct-tile-quantity-update quantity-update product-qty-vue" data-remove-action="https://www.continente.pt/on/demandware.store/Sites-continente-Site/default/Cart-RemoveProductLineItem" data-action="https://www.continente.pt/on/demandware.store/Sites-continente-Site/default/Cart-UpdateQuantity" data-dimension-update="https://www.continente.pt/on/demandware.store/Sites-continente-Site/default/Cart-DimensionUpdate" data-pid="4403919" data-uuid="4bc0e25e526b649258fbfa8ab0" data-add-delay="500.0" data-measure-options="{&quot;hasConversionRate&quot;:false,&quot;hasAlternativeSaleUnit&quot;:false,&quot;unitConversionRate&quot;:0,&quot;minOrderQuantity&quot;:1,&quot;stepQuantity&quot;:1,&quot;primaryunit&quot;:&quot;un&quot;,&quot;secondaryunit&quot;:&quot;lt&quot;,&quot;selectedunit&quot;:&quot;primary&quot;,&quot;maxNumberOfUnitsPerSale&quot;:50}" data-price-available="null" :data-has-error="isMaxQtyReached || isMinQtyReached || qtySelectedMoreThanOne">
                        <template v-show="prodUnits">
                        <div class="quantity-input-wrapper has-units">
                        <label class="visually-hidden" :for="'quantity-' + pid + additionalTag">
                        Quantidade no carrinho
                        </label>
                        <input :ref="'quantityInput-' + pid + additionalTag" class="add-to-cart-quantity form-control ct-form-input text-center" inputmode="numeric" :class="{'is-invalid': isInvalid}" :data-pid="pid + additionalTag" :name="'quantity-' + pid + additionalTag" type="text" aria-label="Insira a quantidade" title="" v-model="displayValue" @change="updateQuantity" @focus="updateQtyFormat" @blur="restoreQtyFormat" :disabled="!isPriceAvailable">
                        <span class="quantity-icon quantity-icon--minus">
                        <button class="decrease-quantity-btn" @click="updateQuantity" :disabled="!isPriceAvailable" role="button" aria-label="Reduzir quantidade">
                        <i class="css-math-minus"></i>
                        </button>
                        </span>
                        <span class="quantity-icon quantity-icon--plus">
                        <button class="increase-quantity-btn" @click="updateQuantity" :disabled="isMaxQtyReached || !isPriceAvailable" role="button" aria-label="Aumentar quantidade">
                        <i class="css-math-plus"></i>
                        </button>
                        <span class="quantity-btn-disabled-placeholder"></span>
                        </span>
                        <template v-if="isPDP">
                        <span class="quantity-error ct-span-error text-sm-center product-max-allocation" v-if="isMaxQtyReached">
                        Quantidade máxima atingida
                        </span>
                        <span class="quantity-error ct-span-product text-sm-center product-allocation" v-if="!isMinQtyReached &amp;&amp; !isMaxQtyReached">
                        {{quantitySelected}} no carrinho
                        </span>
                        <span class="quantity-error ct-span-error text-sm-center product-min-allocation" :data-pid="pid" v-if="isMinQtyReached &amp;&amp; !isMaxQtyReached">
                        Quantidade mínima atingida
                        </span>
                        </template>
                        </div>
                        <template v-if="showNotes">
                        <div class="add-note-link-container ">
                        <div class="add-note">
                        <a href="/produto/oleo-de-girassol-puro-fula-4403919.html?showNote=true" class="ct-add-note-redirect-pdp" aria-label="Adicionar comentário">
                        <span class="svg-wrapper svg-icon-notes" style="width:19px; height:20px">
                        <svg class="svg-inline icon-notes" viewBox="0 0 28 30" xmlns="http://www.w3.org/2000/svg" width="100%" height="100%"><path d="M21.738 0C22.985 0 24 1.04 24 2.319V12.47c0 .469-.37.848-.828.848-.457 0-.827-.38-.827-.848V2.32c0-.343-.273-.622-.607-.622H2.262c-.334 0-.607.279-.607.622V27.68c0 .343.273.622.607.622h7.81c.457 0 .827.38.827.849 0 .468-.37.848-.827.848h-7.81C1.015 30 0 28.96 0 27.681V2.32C0 1.04 1.015 0 2.262 0h19.476zm2.844 16.004l.227.007c.823.053 1.589.39 2.176.964.64.627.993 1.46.993 2.349 0 .888-.353 1.722-.993 2.348l-6.83 6.665c-.11.108-.247.186-.397.226l-5.032 1.363c-.078.021-.16.032-.241.032-.242 0-.478-.097-.647-.266-.23-.231-.314-.566-.218-.874l1.49-4.798c.044-.139.122-.266.227-.369l6.844-6.677c.64-.625 1.493-.97 2.401-.97zm-2.886 3.94l-4.922 4.802-.947 3.048 3.22-.872 4.897-4.78-2.248-2.197zm2.887-2.174c-.425 0-.824.162-1.124.455l-.484.472 2.248 2.197.484-.472c.62-.606.62-1.591 0-2.197l-.117-.104c-.283-.227-.636-.35-1.007-.35zm-10.839.022c.498 0 .904.396.904.883 0 .488-.406.884-.904.884H5.946c-.499 0-.904-.396-.904-.884 0-.487.405-.883.904-.883zm5.042-4.876c.498 0 .904.397.904.884s-.406.884-.904.884H5.946c-.499 0-.904-.397-.904-.884s.405-.884.904-.884zm0-4.875c.498 0 .904.396.904.884 0 .487-.406.883-.904.883H5.946c-.499 0-.904-.396-.904-.883 0-.488.405-.884.904-.884z" fill="#EB0203" fill-rule="evenodd"></path></svg>
                        </span>
                        <div class="available-note d-none"></div>
                        </a>
                        </div>
                        </div>
                        </template>
                        <div class="measurement-unit-section" v-if="isPriceAvailable &amp;&amp; prodUnits ? prodUnits.hasAlternativeUnit : false">
                        <div class="ct-form-radio" @click="setDimension">
                        <input type="radio" title="" class="ct-form-check-input product-measurement-unit" :data-type="prodUnits.selectedUnit == prodUnits.secondaryUnit ? 'primary' : ''" :id="prodUnits.secondaryUnit + '-' + pid + '-measurement-unit-ptile' + additionalTag" :name="'measurement-unit-' + pid + '-ptile' + additionalTag" :value="prodUnits.secondaryUnit" v-model="prodUnits.selectedUnit">
                        <label :class="prodUnits.secondaryUnit + '-label ct-form-check-label mb-0'" :for="prodUnits.secondaryUnit + '-' + pid + '-measurement-unit-ptile' + additionalTag">
                        {{prodUnits.secondaryUnit}}
                        </label>
                        <span class="checkmark"></span>
                        </div>
                        <div class="ct-form-radio" @click="setDimension">
                        <input type="radio" title="" class="ct-form-check-input product-measurement-unit" :data-type="prodUnits.selectedUnit == prodUnits.primaryUnit ? 'primary' : ''" :id="prodUnits.primaryUnit + '-' + pid + '-measurement-unit-ptile' + additionalTag" :name="'measurement-unit-' + pid + '-ptile' + additionalTag" :value="prodUnits.primaryUnit" v-model="prodUnits.selectedUnit">
                        <label :class="prodUnits.primaryUnit + '-label ct-form-check-label mb-0'" :for="prodUnits.primaryUnit + '-' + pid + '-measurement-unit-ptile' + additionalTag">
                        {{prodUnits.primaryUnit}}
                        </label>
                        <span class="checkmark"></span>
                        </div>
                        </div>
                        <template v-if="!isPDP &amp;&amp; isPriceAvailable">
                        <span class="quantity-error ct-span-error product-max-allocation" v-if="isMaxQtyReached">
                        Quantidade máxima atingida
                        </span>
                        <span class="quantity-error ct-span-product product-allocation" v-if="!isMinQtyReached &amp;&amp; !isMaxQtyReached">
                        {{quantitySelected}} no carrinho
                        </span>
                        <span class="quantity-error ct-span-error product-min-allocation" :data-pid="pid" v-if="isMinQtyReached &amp;&amp; !isMaxQtyReached">
                        Quantidade mínima atingida
                        </span>
                        </template>
                        </template>
                        </div>
                        <input class="quantity-value-mask d-none" name="quantity" type="number" min="0" value="">
                        </div>
                        <button type="button" class="add-to-cart button js-add-to-cart js-add-to-cart-tile 4403919 button--primary dynamic-layout-btn" data-toggle="modal" data-target="#chooseBonusProductModal" data-pid="4403919" data-quantity-value="null" aria-label="Carrinho">
                        <span class="d-block d-sm-none">
                        <span class="svg-wrapper svg-icon-cart" style="width:20px; height:20px">
                        <svg class="svg-inline icon-cart" xmlns="http://www.w3.org/2000/svg" viewBox="0 0 500 500" width="100%" height="100%"><path fill="#EB0203" fill-rule="evenodd" d="M 485.67317,94.386311 C 476.37798,83.847129 463.09468,78.03348 448.30404,78.03348 H 90.690813 L 87.079511,51.327997 C 83.185582,22.539551 62.962285,0 41.011841,0 H 14.727836 C 6.563151,0 0,6.5286975 0,14.580758 c 0,8.05206 6.5945535,14.580758 14.727836,14.580758 h 26.284005 c 4.710398,0 14.696435,9.855222 16.894619,26.021523 L 100.01739,368.0631 c 1.88416,13.77244 9.01256,26.70549 20.1605,36.37417 8.25889,7.15046 18.02511,11.9071 28.26237,13.89679 -4.17655,7.58572 -6.53175,16.25957 -6.53175,25.493 0,29.53459 24.27424,53.59751 54.13815,53.59751 29.8325,0 54.13814,-24.03184 54.13814,-53.59751 0,-8.79818 -2.19818,-17.09897 -5.9979,-24.43598 h 77.12488 c -3.79973,7.33701 -5.96652,15.6378 -5.96652,24.43598 0,29.53459 24.27424,53.59751 54.13817,53.59751 29.83249,0 54.13814,-24.03184 54.13814,-53.59751 0,-8.79818 -2.1982,-17.09897 -5.9979,-24.43598 h 38.56243 c 8.13328,0 14.72783,-6.5287 14.72783,-14.61183 0,-8.02098 -6.59455,-14.54967 -14.72783,-14.54967 H 159.24277 c -14.38241,0 -28.13677,-11.90711 -30.02092,-26.02153 l -3.07746,-22.88154 h 290.6314 c 14.03698,0 27.94834,-5.28513 39.06488,-14.95381 11.11652,-9.6376 18.27632,-22.57065 20.16048,-36.37417 l 21.10259,-156.78201 c 1.94694,-14.51858 -2.10398,-28.29103 -11.43057,-38.861299 z M 220.76053,443.82706 c 0,13.49265 -11.08513,24.46709 -24.68247,24.46709 -13.62874,0 -24.71387,-10.97444 -24.71387,-24.46709 0,-13.49262 11.08513,-24.43598 24.71387,-24.43598 13.59734,0 24.68247,10.94336 24.68247,24.43598 z m 173.43675,0 c 0,13.49265 -11.08512,24.46709 -24.68245,24.46709 -13.62876,0 -24.71388,-10.97444 -24.71388,-24.46709 0,-13.49262 11.08512,-24.43598 24.71388,-24.43598 13.59733,0 24.68245,10.94336 24.68245,24.43598 z m 73.7648,-314.46558 -21.13397,156.782 c -1.88416,14.11442 -15.63851,26.05261 -30.02091,26.05261 H 122.25046 L 94.616142,107.19499 H 448.33544 c 6.18632,0 11.61896,2.2695 15.23028,6.37326 3.64269,4.13484 5.21283,9.73086 4.39636,15.79323 z"></path></svg>
                        </span>
                        </span>
                        <span class="add-to-cart--text d-none d-sm-block">Carrinho</span>
                        </button>
                        </div>
                        </div>
                        </div>
                        </div>
                        
                        <div class="col-12 d-sm-none">
                        </div>
                        </div>
                        </div>
                        </div>
                        </div>
                        <div class="col-12 col-sm-3 col-lg-2 productTile" data-idx="6">
                        
                        <script type="text/javascript">//<!--
                        /* <![CDATA[ */
                        (function(){
                        try {
                            if(window.CQuotient) {
                            var cq_params = {};
                            
                            cq_params.cookieId = window.CQuotient.getCQCookieId();
                            cq_params.userId = window.CQuotient.getCQUserId();
                            cq_params.emailId = CQuotient.getCQHashedEmail();
                            cq_params.loginId = CQuotient.getCQHashedLogin();
                            cq_params.accumulate = true;
                            cq_params.products = [{
                                id: '2003312',
                                sku: ''
                            }];
                            cq_params.categoryId = 'mercearias';
                            cq_params.refinements = '[{\"name\":\"priceMin\",\"value\":\"0.01\"},{\"name\":\"priceMax\",\"value\":\"null\"},{\"name\":\"curr\",\"value\":\"EUR\"},{\"name\":\"Category\",\"value\":\"mercearias\"}]';
                            cq_params.personalized = 'false';
                            cq_params.sortingRule = 'FOOD_Mercearia';
                            cq_params.imageUUID = '__UNDEFINED__';
                            cq_params.realm = "BDVS";
                            cq_params.siteId = "continente";
                            cq_params.instanceType = "prd";
                            cq_params.queryLocale = "default";
                            cq_params.locale = window.CQuotient.locale;
                            
                            if(window.CQuotient.sendActivity)
                                window.CQuotient.sendActivity(CQuotient.clientId, 'viewCategory', cq_params);
                            else
                                window.CQuotient.activities.push({
                                    activityType: 'viewCategory',
                                    parameters: cq_params
                                });
                          }
                        } catch(err) {}
                        })();
                        /* ]]> */
                        // -->
                        </script>
                        <script type="text/javascript">//<!--
                        /* <![CDATA[ (viewCategoryProduct-active_data.js) */
                        (function(){
                        try {
                            if (dw.ac) {
                                var search_params = {};
                                search_params.persd = 'false';
                                search_params.refs = '[{\"name\":\"priceMin\",\"value\":\"0.01\"},{\"name\":\"priceMax\",\"value\":\"null\"},{\"name\":\"curr\",\"value\":\"EUR\"},{\"name\":\"Category\",\"value\":\"mercearias\"}]';
                                search_params.sort = 'FOOD_Mercearia';
                                search_params.imageUUID = '';
                                search_params.searchID = 'afeeff71-841d-471a-a4b6-1885a5ac2689';
                                search_params.locale = 'default';
                                search_params.queryLocale = 'default';
                                search_params.showProducts = 'true';
                                dw.ac.applyContext({category: "mercearias", searchData: search_params});
                                if (typeof dw.ac._scheduleDataSubmission === "function") {
                                    dw.ac._scheduleDataSubmission();
                                }
                            }
                        } catch(err) {}
                        })();
                        /* ]]> */
                        // -->
                        </script>
                        <script type="text/javascript">//<!--
                        /* <![CDATA[ (viewProduct-active_data.js) */
                        dw.ac._capture({id: "2003312", type: "searchhit"});
                        /* ]]> */
                        // -->
                        </script>
                        <div class="product" data-pid="2003312">
                        <div class="product-tile pid-2003312 ct-product-tile data-layer-pushed" data-delay-time="3000" data-variants-mapping="[]" data-in-cart-msg="no carrinho" data-one-product-added="Adicionado ao carrinho" data-remove-from-cart-msg="Removido do carrinho" data-stay-open="6000.0" data-product-tile-impression="{&quot;name&quot;:&quot;2003312&quot;,&quot;id&quot;:&quot;2003312&quot;,&quot;price&quot;:0.96,&quot;brand&quot;:&quot;Milaneza&quot;,&quot;category&quot;:[{&quot;category_level_1&quot;:&quot;Mercearia&quot;},{&quot;category_level_2&quot;:&quot;Arroz, Massa e Farinha&quot;},{&quot;category_level_3&quot;:&quot;Massa&quot;}],&quot;variant&quot;:&quot;&quot;}">
                        <div class="ct-inner-tile-wrap row no-gutters justify-content-center align-content-start">
                        <div class="ct-product-tile-badge ct-product-tile-badge--promotional">
                        <img class="img-fluid lazyloaded" loading="lazy" data-src="https://www.continente.pt/dw/image/v2/BDVS_PRD/on/demandware.static/-/Sites-continente-Library/default/dwf5980f2e/images/badges/pvpr/col/pvpr.png?sw=60&amp;sh=42" alt="PVP Recomendado: €1,29/un" title="PVP Recomendado: €1,29/un" src="https://www.continente.pt/dw/image/v2/BDVS_PRD/on/demandware.static/-/Sites-continente-Library/default/dwf5980f2e/images/badges/pvpr/col/pvpr.png?sw=60&amp;sh=42">
                        <div class="ct-product-tile-badge-value-wrapper ct-product-tile-badge-value-wrapper--pvpr  ">
                        <span class="ct-product-tile-badge-value--pvpr">
                        25
                        </span>
                        <span class="ct-product-tile-badge-value--pvpr-quantifier ">
                        %
                        </span>
                        </div>
                        </div>
                        
                        <div class="ct-image-container col-4 col-sm" data-confirmation-image="{&quot;url&quot;:&quot;https://www.continente.pt/dw/image/v2/BDVS_PRD/on/demandware.static/-/Sites-col-master-catalog/default/dw768a74c4/images/col/200/2003312-hero.jpg?sw=87&amp;sh=80&quot;,&quot;fallbackimage&quot;:{&quot;url&quot;:&quot;https://www.continente.pt/dw/image/v2/BDVS_PRD/on/demandware.static/Sites-continente-Site/-/default/dw7c42b4da/images/noimagelarge_product.png?sw=87&amp;sh=80&quot;,&quot;title&quot;:&quot;Massa Esparguete&quot;,&quot;alt&quot;:&quot;Massa Esparguete&quot;},&quot;title&quot;:&quot;Massa Esparguete&quot;,&quot;alt&quot;:&quot;Massa Esparguete&quot;}">
                        <a href="https://www.continente.pt/produto/massa-esparguete-milaneza-2003312.html?cgid=mercearias">
                        <picture class="intrinsic intrinsic--square">
                        <img class="ct-tile-image lazyloaded" loading="lazy" onerror="this.onerror=null;this.src='/on/demandware.static/Sites-continente-Site/-/default/dw7c42b4da/images/noimagelarge_product.png';" data-src="https://www.continente.pt/dw/image/v2/BDVS_PRD/on/demandware.static/-/Sites-col-master-catalog/default/dw768a74c4/images/col/200/2003312-hero.jpg?sw=280&amp;sh=280" alt="Massa Esparguete" title="Massa Esparguete" src="https://www.continente.pt/dw/image/v2/BDVS_PRD/on/demandware.static/-/Sites-col-master-catalog/default/dw768a74c4/images/col/200/2003312-hero.jpg?sw=280&amp;sh=280">
                        </picture>
                        </a>
                        <div class="color-swatches d-flex" style="margin-left: 5px;">
                        <div class="swatches d-flex">
                        </div>
                        </div>
                         </div>
                        <div class="ct-tile-body col col-sm-auto ">
                        <div class="ct-pdp-details">
                        <div class="ct-pdp-link">
                        <a class="ct-tile--description" href="https://www.continente.pt/produto/massa-esparguete-milaneza-2003312.html?cgid=mercearias">Massa Esparguete</a>
                        <div class="ct-tile--favorite-top d-sm-none">
                        <button class="wishlist-toggler guest-mode inactive button button--tertiary" data-pid="2003312" data-add-url="https://www.continente.pt/on/demandware.store/Sites-continente-Site/default/Wishlist-AddProduct?pid=2003312" data-toggle="tooltip" aria-label="Adicionar aos favoritos " data-original-title="Adicionar aos favoritos" data-placement="top">
                        <svg class="active-content" width="100%" height="100%" viewBox="0 0 20 22" fill="none" xmlns="http://www.w3.org/2000/svg">
                        <path fill-rule="evenodd" clip-rule="evenodd" d="M0 1.53052C0 0.685236 0.692171 0 1.54601 0H15.0736C15.9274 0 16.6196 0.685235 16.6196 1.53052V13.4064L15.8127 13.922L14.2658 14.2658L12.7189 13.4064L10.6054 14.3818C10.4994 14.2451 10.3327 14.157 10.1452 14.157H6.76329C6.4431 14.157 6.18354 14.414 6.18354 14.731C6.18354 15.0479 6.4431 15.3049 6.76329 15.3049H10.1452C10.2478 15.3049 10.3441 15.2785 10.4277 15.2322L10.3126 16.8439L13.2345 20.2793H1.54601C0.69217 20.2793 0 19.5941 0 18.7488V1.53052ZM6.18354 5.5483C6.18354 5.23132 6.4431 4.97436 6.76329 4.97436H12.3676C12.6878 4.97436 12.9473 5.23132 12.9473 5.5483C12.9473 5.86528 12.6878 6.12224 12.3676 6.12224H6.76329C6.4431 6.12224 6.18354 5.86528 6.18354 5.5483ZM6.76329 11.0961C6.4431 11.0961 6.18354 11.3531 6.18354 11.6701C6.18354 11.987 6.4431 12.244 6.76329 12.244H12.3676C12.6878 12.244 12.9473 11.987 12.9473 11.6701C12.9473 11.3531 12.6878 11.0961 12.3676 11.0961H6.76329ZM6.18354 8.60985C6.18354 8.29287 6.4431 8.03591 6.76329 8.03591H12.3676C12.6878 8.03591 12.9473 8.29287 12.9473 8.60985C12.9473 8.92684 12.6878 9.1838 12.3676 9.1838H6.76329C6.4431 9.1838 6.18354 8.92684 6.18354 8.60985ZM3.67118 5.5483C3.67118 5.23132 3.93075 4.97436 4.25093 4.97436H4.63743C4.95762 4.97436 5.21719 5.23132 5.21719 5.5483C5.21719 5.86528 4.95762 6.12224 4.63743 6.12224H4.25093C3.93075 6.12224 3.67118 5.86528 3.67118 5.5483ZM4.25093 11.0961C3.93075 11.0961 3.67118 11.3531 3.67118 11.6701C3.67118 11.987 3.93075 12.244 4.25093 12.244H4.63743C4.95762 12.244 5.21719 11.987 5.21719 11.6701C5.21719 11.3531 4.95762 11.0961 4.63743 11.0961H4.25093ZM3.67118 8.60985C3.67118 8.29287 3.93075 8.03591 4.25093 8.03591H4.63743C4.95762 8.03591 5.21719 8.29287 5.21719 8.60985C5.21719 8.92684 4.95762 9.1838 4.63743 9.1838H4.25093C3.93075 9.1838 3.67118 8.92684 3.67118 8.60985ZM4.25093 14.157C3.93075 14.157 3.67118 14.414 3.67118 14.731C3.67118 15.0479 3.93075 15.3049 4.25093 15.3049H4.63743C4.95762 15.3049 5.21719 15.0479 5.21719 14.731C5.21719 14.414 4.95762 14.157 4.63743 14.157H4.25093Z" fill="#EB0203"></path>
                        <path fill-rule="evenodd" clip-rule="evenodd" d="M14.6252 13.6363C13.4918 12.6215 11.7817 12.5264 10.6569 13.4792C9.12421 14.7764 9.34841 16.8912 10.4409 18.0122L14.0159 21.6742C14.2197 21.8832 14.4928 22 14.7822 22C15.0737 22 15.3448 21.8852 15.5486 21.6762L19.1236 18.0142C20.214 16.8933 20.4423 14.7785 18.9075 13.4792C17.7827 12.5283 16.0724 12.6217 14.9391 13.6365C14.8855 13.6845 14.8331 13.7345 14.7822 13.7866C14.7313 13.7345 14.6789 13.6843 14.6252 13.6363ZM18.1546 14.3522C19.0973 15.1508 18.9962 16.4896 18.2891 17.2173C18.2888 17.2175 18.2886 17.2177 18.2884 17.218L14.7832 20.8084L11.2753 17.2151C11.2752 17.215 11.2751 17.2149 11.2749 17.2148C10.5677 16.4887 10.4678 15.1495 11.4104 14.3518L11.4108 14.3514C12.0745 13.7892 13.2018 13.82 13.9488 14.5846L14.7822 15.4378L15.6157 14.5846C16.3617 13.8211 17.4896 13.79 18.1545 14.3521" fill="#EB0203"></path>
                        </svg>
                        <svg class="inactive-content" width="100%" height="100%" viewBox="0 0 20 23" fill="none" xmlns="http://www.w3.org/2000/svg">
                        <path fill-rule="evenodd" clip-rule="evenodd" d="M6.18408 5.77914C6.18408 5.46223 6.44363 5.20532 6.7638 5.20532H12.3678C12.6879 5.20532 12.9475 5.46223 12.9475 5.77914C12.9475 6.09606 12.6879 6.35297 12.3678 6.35297H6.7638C6.44363 6.35297 6.18408 6.09606 6.18408 5.77914Z" fill="#EB0203"></path>
                        <path fill-rule="evenodd" clip-rule="evenodd" d="M6.18408 11.9034C6.18408 11.5865 6.44363 11.3296 6.7638 11.3296H12.3678C12.6879 11.3296 12.9475 11.5865 12.9475 11.9034C12.9475 12.2202 12.6879 12.4771 12.3678 12.4771H6.7638C6.44363 12.4771 6.18408 12.2202 6.18408 11.9034Z" fill="#EB0203"></path>
                        <path fill-rule="evenodd" clip-rule="evenodd" d="M6.18408 8.84116C6.18408 8.52424 6.44363 8.26733 6.7638 8.26733H12.3678C12.6879 8.26733 12.9475 8.52424 12.9475 8.84116C12.9475 9.15807 12.6879 9.41498 12.3678 9.41498H6.7638C6.44363 9.41498 6.18408 9.15807 6.18408 8.84116Z" fill="#EB0203"></path>
                        <path fill-rule="evenodd" clip-rule="evenodd" d="M6.18408 14.9655C6.18408 14.6486 6.44363 14.3917 6.7638 14.3917H10.1455C10.4657 14.3917 10.7252 14.6486 10.7252 14.9655C10.7252 15.2825 10.4657 15.5394 10.1455 15.5394H6.7638C6.44363 15.5394 6.18408 15.2825 6.18408 14.9655Z" fill="#EB0203"></path>
                        <path fill-rule="evenodd" clip-rule="evenodd" d="M3.67139 5.77914C3.67139 5.46223 3.93094 5.20532 4.25111 5.20532H4.63759C4.95776 5.20532 5.21731 5.46223 5.21731 5.77914C5.21731 6.09606 4.95776 6.35297 4.63759 6.35297H4.25111C3.93094 6.35297 3.67139 6.09606 3.67139 5.77914Z" fill="#EB0203"></path>
                        <path fill-rule="evenodd" clip-rule="evenodd" d="M3.67139 11.9034C3.67139 11.5865 3.93094 11.3296 4.25111 11.3296H4.63759C4.95776 11.3296 5.21731 11.5865 5.21731 11.9034C5.21731 12.2202 4.95776 12.4771 4.63759 12.4771H4.25111C3.93094 12.4771 3.67139 12.2202 3.67139 11.9034Z" fill="#EB0203"></path>
                        <path fill-rule="evenodd" clip-rule="evenodd" d="M3.67139 8.84116C3.67139 8.52424 3.93094 8.26733 4.25111 8.26733H4.63759C4.95776 8.26733 5.21731 8.52424 5.21731 8.84116C5.21731 9.15807 4.95776 9.41498 4.63759 9.41498H4.25111C3.93094 9.41498 3.67139 9.15807 3.67139 8.84116Z" fill="#EB0203"></path>
                        <path fill-rule="evenodd" clip-rule="evenodd" d="M3.67139 14.9655C3.67139 14.6486 3.93094 14.3917 4.25111 14.3917H4.63759C4.95776 14.3917 5.21731 14.6486 5.21731 14.9655C5.21731 15.2825 4.95776 15.5394 4.63759 15.5394H4.25111C3.93094 15.5394 3.67139 15.2825 3.67139 14.9655Z" fill="#EB0203"></path>
                        <path fill-rule="evenodd" clip-rule="evenodd" d="M0 1.76033C0 0.914738 0.692131 0.229248 1.54592 0.229248H15.0727C15.9265 0.229248 16.6186 0.914738 16.6186 1.76033V11.2818C16.6186 11.5989 16.3591 11.8559 16.0389 11.8559C15.7187 11.8559 15.4592 11.5989 15.4592 11.2818V1.76033C15.4592 1.54893 15.2862 1.37756 15.0727 1.37756H1.54592C1.33247 1.37756 1.15944 1.54893 1.15944 1.76033V18.985C1.15944 19.1964 1.33247 19.3678 1.54592 19.3678H9.27551C9.59568 19.3678 9.85523 19.6249 9.85523 19.942C9.85523 20.2591 9.59568 20.5161 9.27551 20.5161H1.54592C0.692131 20.5161 0 19.8306 0 18.985V1.76033Z" fill="#EB0203"></path>
                        <path fill-rule="evenodd" clip-rule="evenodd" d="M14.6254 13.8718C13.4921 12.8567 11.7821 12.7615 10.6574 13.7147C9.12472 15.0124 9.34891 17.128 10.4413 18.2493L14.0161 21.9126C14.2199 22.1217 14.493 22.2386 14.7824 22.2386C15.0739 22.2386 15.3449 22.1238 15.5487 21.9147L19.1235 18.2514C20.2139 17.13 20.4422 15.0144 18.9075 13.7147C17.7827 12.7634 16.0726 12.8569 14.9392 13.872C14.8856 13.92 14.8333 13.9701 14.7824 14.0222C14.7314 13.97 14.6791 13.9199 14.6254 13.8718ZM18.1546 14.588C19.0972 15.3869 18.9961 16.7262 18.2891 17.4541C18.2888 17.4543 18.2886 17.4546 18.2884 17.4548L14.7834 21.0466L11.2757 17.452C11.2756 17.4519 11.2755 17.4517 11.2753 17.4516C10.5681 16.7252 10.4682 15.3856 11.4108 14.5876L11.4112 14.5872C12.0748 14.0248 13.202 14.0556 13.949 14.8205L14.7824 15.674L15.6158 14.8205C16.3618 14.0567 17.4896 14.0256 18.1545 14.5879" fill="#EB0203"></path>
                        </svg>
                        </button>
                        </div>
                        </div>
                        <p class="ct-tile--brand">Milaneza</p>
                        <p class="ct-tile--quantity">emb. 500 gr</p>
                        </div>
                        <div class="ct-tile-bottom row no-gutters justify-content-between">
                        <div class="ct-price-wrap col-8 col-sm-12">
                        <div class="price js-product-price">
                        <div class="prices-wrapper">
                        <span class="sales ct-tile--price-primary ">
                        <span class="value" content="0.96">
                        <span class="ct-price-formatted">
                        €0,96
                        </span>
                        <span class="ct-m-unit">
                        /un
                        </span>
                        </span>
                        </span>
                        </div>
                        <div class="ct-tile--price-secondary">
                        <span class="ct-price-value">
                        €1,92
                        </span>
                        <span class="ct-m-unit">
                        /kg
                        </span>
                        </div>
                        <p class="ct-discount-amount ct-discount-amount-pvpr">PVP Recomendado: €1,29/un</p>
                        </div>
                        </div>
                        <div class="ct-tile-buy-section d-flex justify-content-center no-gutters col-auto col-sm-12">
                        <div class="col-2 d-sm-flex d-none">
                        <button class="wishlist-toggler guest-mode inactive button button--tertiary" data-pid="2003312" data-add-url="https://www.continente.pt/on/demandware.store/Sites-continente-Site/default/Wishlist-AddProduct?pid=2003312" data-toggle="tooltip" aria-label="Adicionar aos favoritos " data-original-title="Adicionar aos favoritos" data-placement="top">
                        <svg class="active-content" width="100%" height="100%" viewBox="0 0 20 22" fill="none" xmlns="http://www.w3.org/2000/svg">
                        <path fill-rule="evenodd" clip-rule="evenodd" d="M0 1.53052C0 0.685236 0.692171 0 1.54601 0H15.0736C15.9274 0 16.6196 0.685235 16.6196 1.53052V13.4064L15.8127 13.922L14.2658 14.2658L12.7189 13.4064L10.6054 14.3818C10.4994 14.2451 10.3327 14.157 10.1452 14.157H6.76329C6.4431 14.157 6.18354 14.414 6.18354 14.731C6.18354 15.0479 6.4431 15.3049 6.76329 15.3049H10.1452C10.2478 15.3049 10.3441 15.2785 10.4277 15.2322L10.3126 16.8439L13.2345 20.2793H1.54601C0.69217 20.2793 0 19.5941 0 18.7488V1.53052ZM6.18354 5.5483C6.18354 5.23132 6.4431 4.97436 6.76329 4.97436H12.3676C12.6878 4.97436 12.9473 5.23132 12.9473 5.5483C12.9473 5.86528 12.6878 6.12224 12.3676 6.12224H6.76329C6.4431 6.12224 6.18354 5.86528 6.18354 5.5483ZM6.76329 11.0961C6.4431 11.0961 6.18354 11.3531 6.18354 11.6701C6.18354 11.987 6.4431 12.244 6.76329 12.244H12.3676C12.6878 12.244 12.9473 11.987 12.9473 11.6701C12.9473 11.3531 12.6878 11.0961 12.3676 11.0961H6.76329ZM6.18354 8.60985C6.18354 8.29287 6.4431 8.03591 6.76329 8.03591H12.3676C12.6878 8.03591 12.9473 8.29287 12.9473 8.60985C12.9473 8.92684 12.6878 9.1838 12.3676 9.1838H6.76329C6.4431 9.1838 6.18354 8.92684 6.18354 8.60985ZM3.67118 5.5483C3.67118 5.23132 3.93075 4.97436 4.25093 4.97436H4.63743C4.95762 4.97436 5.21719 5.23132 5.21719 5.5483C5.21719 5.86528 4.95762 6.12224 4.63743 6.12224H4.25093C3.93075 6.12224 3.67118 5.86528 3.67118 5.5483ZM4.25093 11.0961C3.93075 11.0961 3.67118 11.3531 3.67118 11.6701C3.67118 11.987 3.93075 12.244 4.25093 12.244H4.63743C4.95762 12.244 5.21719 11.987 5.21719 11.6701C5.21719 11.3531 4.95762 11.0961 4.63743 11.0961H4.25093ZM3.67118 8.60985C3.67118 8.29287 3.93075 8.03591 4.25093 8.03591H4.63743C4.95762 8.03591 5.21719 8.29287 5.21719 8.60985C5.21719 8.92684 4.95762 9.1838 4.63743 9.1838H4.25093C3.93075 9.1838 3.67118 8.92684 3.67118 8.60985ZM4.25093 14.157C3.93075 14.157 3.67118 14.414 3.67118 14.731C3.67118 15.0479 3.93075 15.3049 4.25093 15.3049H4.63743C4.95762 15.3049 5.21719 15.0479 5.21719 14.731C5.21719 14.414 4.95762 14.157 4.63743 14.157H4.25093Z" fill="#EB0203"></path>
                        <path fill-rule="evenodd" clip-rule="evenodd" d="M14.6252 13.6363C13.4918 12.6215 11.7817 12.5264 10.6569 13.4792C9.12421 14.7764 9.34841 16.8912 10.4409 18.0122L14.0159 21.6742C14.2197 21.8832 14.4928 22 14.7822 22C15.0737 22 15.3448 21.8852 15.5486 21.6762L19.1236 18.0142C20.214 16.8933 20.4423 14.7785 18.9075 13.4792C17.7827 12.5283 16.0724 12.6217 14.9391 13.6365C14.8855 13.6845 14.8331 13.7345 14.7822 13.7866C14.7313 13.7345 14.6789 13.6843 14.6252 13.6363ZM18.1546 14.3522C19.0973 15.1508 18.9962 16.4896 18.2891 17.2173C18.2888 17.2175 18.2886 17.2177 18.2884 17.218L14.7832 20.8084L11.2753 17.2151C11.2752 17.215 11.2751 17.2149 11.2749 17.2148C10.5677 16.4887 10.4678 15.1495 11.4104 14.3518L11.4108 14.3514C12.0745 13.7892 13.2018 13.82 13.9488 14.5846L14.7822 15.4378L15.6157 14.5846C16.3617 13.8211 17.4896 13.79 18.1545 14.3521" fill="#EB0203"></path>
                        </svg>
                        <svg class="inactive-content" width="100%" height="100%" viewBox="0 0 20 23" fill="none" xmlns="http://www.w3.org/2000/svg">
                        <path fill-rule="evenodd" clip-rule="evenodd" d="M6.18408 5.77914C6.18408 5.46223 6.44363 5.20532 6.7638 5.20532H12.3678C12.6879 5.20532 12.9475 5.46223 12.9475 5.77914C12.9475 6.09606 12.6879 6.35297 12.3678 6.35297H6.7638C6.44363 6.35297 6.18408 6.09606 6.18408 5.77914Z" fill="#EB0203"></path>
                        <path fill-rule="evenodd" clip-rule="evenodd" d="M6.18408 11.9034C6.18408 11.5865 6.44363 11.3296 6.7638 11.3296H12.3678C12.6879 11.3296 12.9475 11.5865 12.9475 11.9034C12.9475 12.2202 12.6879 12.4771 12.3678 12.4771H6.7638C6.44363 12.4771 6.18408 12.2202 6.18408 11.9034Z" fill="#EB0203"></path>
                        <path fill-rule="evenodd" clip-rule="evenodd" d="M6.18408 8.84116C6.18408 8.52424 6.44363 8.26733 6.7638 8.26733H12.3678C12.6879 8.26733 12.9475 8.52424 12.9475 8.84116C12.9475 9.15807 12.6879 9.41498 12.3678 9.41498H6.7638C6.44363 9.41498 6.18408 9.15807 6.18408 8.84116Z" fill="#EB0203"></path>
                        <path fill-rule="evenodd" clip-rule="evenodd" d="M6.18408 14.9655C6.18408 14.6486 6.44363 14.3917 6.7638 14.3917H10.1455C10.4657 14.3917 10.7252 14.6486 10.7252 14.9655C10.7252 15.2825 10.4657 15.5394 10.1455 15.5394H6.7638C6.44363 15.5394 6.18408 15.2825 6.18408 14.9655Z" fill="#EB0203"></path>
                        <path fill-rule="evenodd" clip-rule="evenodd" d="M3.67139 5.77914C3.67139 5.46223 3.93094 5.20532 4.25111 5.20532H4.63759C4.95776 5.20532 5.21731 5.46223 5.21731 5.77914C5.21731 6.09606 4.95776 6.35297 4.63759 6.35297H4.25111C3.93094 6.35297 3.67139 6.09606 3.67139 5.77914Z" fill="#EB0203"></path>
                        <path fill-rule="evenodd" clip-rule="evenodd" d="M3.67139 11.9034C3.67139 11.5865 3.93094 11.3296 4.25111 11.3296H4.63759C4.95776 11.3296 5.21731 11.5865 5.21731 11.9034C5.21731 12.2202 4.95776 12.4771 4.63759 12.4771H4.25111C3.93094 12.4771 3.67139 12.2202 3.67139 11.9034Z" fill="#EB0203"></path>
                        <path fill-rule="evenodd" clip-rule="evenodd" d="M3.67139 8.84116C3.67139 8.52424 3.93094 8.26733 4.25111 8.26733H4.63759C4.95776 8.26733 5.21731 8.52424 5.21731 8.84116C5.21731 9.15807 4.95776 9.41498 4.63759 9.41498H4.25111C3.93094 9.41498 3.67139 9.15807 3.67139 8.84116Z" fill="#EB0203"></path>
                        <path fill-rule="evenodd" clip-rule="evenodd" d="M3.67139 14.9655C3.67139 14.6486 3.93094 14.3917 4.25111 14.3917H4.63759C4.95776 14.3917 5.21731 14.6486 5.21731 14.9655C5.21731 15.2825 4.95776 15.5394 4.63759 15.5394H4.25111C3.93094 15.5394 3.67139 15.2825 3.67139 14.9655Z" fill="#EB0203"></path>
                        <path fill-rule="evenodd" clip-rule="evenodd" d="M0 1.76033C0 0.914738 0.692131 0.229248 1.54592 0.229248H15.0727C15.9265 0.229248 16.6186 0.914738 16.6186 1.76033V11.2818C16.6186 11.5989 16.3591 11.8559 16.0389 11.8559C15.7187 11.8559 15.4592 11.5989 15.4592 11.2818V1.76033C15.4592 1.54893 15.2862 1.37756 15.0727 1.37756H1.54592C1.33247 1.37756 1.15944 1.54893 1.15944 1.76033V18.985C1.15944 19.1964 1.33247 19.3678 1.54592 19.3678H9.27551C9.59568 19.3678 9.85523 19.6249 9.85523 19.942C9.85523 20.2591 9.59568 20.5161 9.27551 20.5161H1.54592C0.692131 20.5161 0 19.8306 0 18.985V1.76033Z" fill="#EB0203"></path>
                        <path fill-rule="evenodd" clip-rule="evenodd" d="M14.6254 13.8718C13.4921 12.8567 11.7821 12.7615 10.6574 13.7147C9.12472 15.0124 9.34891 17.128 10.4413 18.2493L14.0161 21.9126C14.2199 22.1217 14.493 22.2386 14.7824 22.2386C15.0739 22.2386 15.3449 22.1238 15.5487 21.9147L19.1235 18.2514C20.2139 17.13 20.4422 15.0144 18.9075 13.7147C17.7827 12.7634 16.0726 12.8569 14.9392 13.872C14.8856 13.92 14.8333 13.9701 14.7824 14.0222C14.7314 13.97 14.6791 13.9199 14.6254 13.8718ZM18.1546 14.588C19.0972 15.3869 18.9961 16.7262 18.2891 17.4541C18.2888 17.4543 18.2886 17.4546 18.2884 17.4548L14.7834 21.0466L11.2757 17.452C11.2756 17.4519 11.2755 17.4517 11.2753 17.4516C10.5681 16.7252 10.4682 15.3856 11.4108 14.5876L11.4112 14.5872C12.0748 14.0248 13.202 14.0556 13.949 14.8205L14.7824 15.674L15.6158 14.8205C16.3618 14.0567 17.4896 14.0256 18.1545 14.5879" fill="#EB0203"></path>
                        </svg>
                        </button>
                        </div>
                        <div class="col-sm-10 col-12">
                        <div class="ct-tile-quantity d-none" data-pid="2003312">
                        <input type="hidden" class="add-to-cart-url" value="https://www.continente.pt/on/demandware.store/Sites-continente-Site/default/Cart-AddProduct">
                        <div class="d-none tile-delete-confirmation-btn" data-pid="2003312" data-delay-time="3000" data-in-cart-msg="no carrinho" data-one-product-added="Adicionado ao carrinho" data-remove-from-cart-msg="Removido do carrinho" data-stay-open="6000.0" data-confirmation-image="{&quot;url&quot;:&quot;https://www.continente.pt/dw/image/v2/BDVS_PRD/on/demandware.static/-/Sites-col-master-catalog/default/dw768a74c4/images/col/200/2003312-hero.jpg?sw=87&amp;sh=80&quot;,&quot;fallbackimage&quot;:{&quot;url&quot;:&quot;https://www.continente.pt/dw/image/v2/BDVS_PRD/on/demandware.static/Sites-continente-Site/-/default/dw7c42b4da/images/noimagelarge_product.png?sw=87&amp;sh=80&quot;,&quot;title&quot;:&quot;Massa Esparguete&quot;,&quot;alt&quot;:&quot;Massa Esparguete&quot;},&quot;title&quot;:&quot;Massa Esparguete&quot;,&quot;alt&quot;:&quot;Massa Esparguete&quot;}"></div>
                        <div class="ct-tile-quantity-update quantity-update product-qty-vue" data-remove-action="https://www.continente.pt/on/demandware.store/Sites-continente-Site/default/Cart-RemoveProductLineItem" data-action="https://www.continente.pt/on/demandware.store/Sites-continente-Site/default/Cart-UpdateQuantity" data-dimension-update="https://www.continente.pt/on/demandware.store/Sites-continente-Site/default/Cart-DimensionUpdate" data-pid="2003312" data-uuid="176c0c0c913a0520155b87c1ff" data-add-delay="500.0" data-measure-options="{&quot;hasConversionRate&quot;:false,&quot;hasAlternativeSaleUnit&quot;:false,&quot;unitConversionRate&quot;:null,&quot;minOrderQuantity&quot;:1,&quot;stepQuantity&quot;:1,&quot;primaryunit&quot;:&quot;un&quot;,&quot;secondaryunit&quot;:&quot;kg&quot;,&quot;selectedunit&quot;:&quot;primary&quot;,&quot;maxNumberOfUnitsPerSale&quot;:50}" data-price-available="null" :data-has-error="isMaxQtyReached || isMinQtyReached || qtySelectedMoreThanOne">
                        <template v-show="prodUnits">
                        <div class="quantity-input-wrapper has-units">
                        <label class="visually-hidden" :for="'quantity-' + pid + additionalTag">
                        Quantidade no carrinho
                        </label>
                        <input :ref="'quantityInput-' + pid + additionalTag" class="add-to-cart-quantity form-control ct-form-input text-center" inputmode="numeric" :class="{'is-invalid': isInvalid}" :data-pid="pid + additionalTag" :name="'quantity-' + pid + additionalTag" type="text" aria-label="Insira a quantidade" title="" v-model="displayValue" @change="updateQuantity" @focus="updateQtyFormat" @blur="restoreQtyFormat" :disabled="!isPriceAvailable">
                        <span class="quantity-icon quantity-icon--minus">
                        <button class="decrease-quantity-btn" @click="updateQuantity" :disabled="!isPriceAvailable" role="button" aria-label="Reduzir quantidade">
                        <i class="css-math-minus"></i>
                        </button>
                        </span>
                        <span class="quantity-icon quantity-icon--plus">
                        <button class="increase-quantity-btn" @click="updateQuantity" :disabled="isMaxQtyReached || !isPriceAvailable" role="button" aria-label="Aumentar quantidade">
                        <i class="css-math-plus"></i>
                        </button>
                        <span class="quantity-btn-disabled-placeholder"></span>
                        </span>
                        <template v-if="isPDP">
                        <span class="quantity-error ct-span-error text-sm-center product-max-allocation" v-if="isMaxQtyReached">
                        Quantidade máxima atingida
                        </span>
                        <span class="quantity-error ct-span-product text-sm-center product-allocation" v-if="!isMinQtyReached &amp;&amp; !isMaxQtyReached">
                        {{quantitySelected}} no carrinho
                        </span>
                        <span class="quantity-error ct-span-error text-sm-center product-min-allocation" :data-pid="pid" v-if="isMinQtyReached &amp;&amp; !isMaxQtyReached">
                        Quantidade mínima atingida
                        </span>
                        </template>
                        </div>
                        <template v-if="showNotes">
                        <div class="add-note-link-container ">
                        <div class="add-note">
                        <a href="/produto/massa-esparguete-milaneza-2003312.html?showNote=true" class="ct-add-note-redirect-pdp" aria-label="Adicionar comentário">
                        <span class="svg-wrapper svg-icon-notes" style="width:19px; height:20px">
                        <svg class="svg-inline icon-notes" viewBox="0 0 28 30" xmlns="http://www.w3.org/2000/svg" width="100%" height="100%"><path d="M21.738 0C22.985 0 24 1.04 24 2.319V12.47c0 .469-.37.848-.828.848-.457 0-.827-.38-.827-.848V2.32c0-.343-.273-.622-.607-.622H2.262c-.334 0-.607.279-.607.622V27.68c0 .343.273.622.607.622h7.81c.457 0 .827.38.827.849 0 .468-.37.848-.827.848h-7.81C1.015 30 0 28.96 0 27.681V2.32C0 1.04 1.015 0 2.262 0h19.476zm2.844 16.004l.227.007c.823.053 1.589.39 2.176.964.64.627.993 1.46.993 2.349 0 .888-.353 1.722-.993 2.348l-6.83 6.665c-.11.108-.247.186-.397.226l-5.032 1.363c-.078.021-.16.032-.241.032-.242 0-.478-.097-.647-.266-.23-.231-.314-.566-.218-.874l1.49-4.798c.044-.139.122-.266.227-.369l6.844-6.677c.64-.625 1.493-.97 2.401-.97zm-2.886 3.94l-4.922 4.802-.947 3.048 3.22-.872 4.897-4.78-2.248-2.197zm2.887-2.174c-.425 0-.824.162-1.124.455l-.484.472 2.248 2.197.484-.472c.62-.606.62-1.591 0-2.197l-.117-.104c-.283-.227-.636-.35-1.007-.35zm-10.839.022c.498 0 .904.396.904.883 0 .488-.406.884-.904.884H5.946c-.499 0-.904-.396-.904-.884 0-.487.405-.883.904-.883zm5.042-4.876c.498 0 .904.397.904.884s-.406.884-.904.884H5.946c-.499 0-.904-.397-.904-.884s.405-.884.904-.884zm0-4.875c.498 0 .904.396.904.884 0 .487-.406.883-.904.883H5.946c-.499 0-.904-.396-.904-.883 0-.488.405-.884.904-.884z" fill="#EB0203" fill-rule="evenodd"></path></svg>
                        </span>
                        <div class="available-note d-none"></div>
                        </a>
                        </div>
                        </div>
                        </template>
                        <div class="measurement-unit-section" v-if="isPriceAvailable &amp;&amp; prodUnits ? prodUnits.hasAlternativeUnit : false">
                        <div class="ct-form-radio" @click="setDimension">
                        <input type="radio" title="" class="ct-form-check-input product-measurement-unit" :data-type="prodUnits.selectedUnit == prodUnits.secondaryUnit ? 'primary' : ''" :id="prodUnits.secondaryUnit + '-' + pid + '-measurement-unit-ptile' + additionalTag" :name="'measurement-unit-' + pid + '-ptile' + additionalTag" :value="prodUnits.secondaryUnit" v-model="prodUnits.selectedUnit">
                        <label :class="prodUnits.secondaryUnit + '-label ct-form-check-label mb-0'" :for="prodUnits.secondaryUnit + '-' + pid + '-measurement-unit-ptile' + additionalTag">
                        {{prodUnits.secondaryUnit}}
                        </label>
                        <span class="checkmark"></span>
                        </div>
                        <div class="ct-form-radio" @click="setDimension">
                        <input type="radio" title="" class="ct-form-check-input product-measurement-unit" :data-type="prodUnits.selectedUnit == prodUnits.primaryUnit ? 'primary' : ''" :id="prodUnits.primaryUnit + '-' + pid + '-measurement-unit-ptile' + additionalTag" :name="'measurement-unit-' + pid + '-ptile' + additionalTag" :value="prodUnits.primaryUnit" v-model="prodUnits.selectedUnit">
                        <label :class="prodUnits.primaryUnit + '-label ct-form-check-label mb-0'" :for="prodUnits.primaryUnit + '-' + pid + '-measurement-unit-ptile' + additionalTag">
                        {{prodUnits.primaryUnit}}
                        </label>
                        <span class="checkmark"></span>
                        </div>
                        </div>
                        <template v-if="!isPDP &amp;&amp; isPriceAvailable">
                        <span class="quantity-error ct-span-error product-max-allocation" v-if="isMaxQtyReached">
                        Quantidade máxima atingida
                        </span>
                        <span class="quantity-error ct-span-product product-allocation" v-if="!isMinQtyReached &amp;&amp; !isMaxQtyReached">
                        {{quantitySelected}} no carrinho
                        </span>
                        <span class="quantity-error ct-span-error product-min-allocation" :data-pid="pid" v-if="isMinQtyReached &amp;&amp; !isMaxQtyReached">
                        Quantidade mínima atingida
                        </span>
                        </template>
                        </template>
                        </div>
                        <input class="quantity-value-mask d-none" name="quantity" type="number" min="0" value="">
                        </div>
                        <button type="button" class="add-to-cart button js-add-to-cart js-add-to-cart-tile 2003312 button--primary dynamic-layout-btn" data-toggle="modal" data-target="#chooseBonusProductModal" data-pid="2003312" data-quantity-value="null" aria-label="Carrinho">
                        <span class="d-block d-sm-none">
                        <span class="svg-wrapper svg-icon-cart" style="width:20px; height:20px">
                        <svg class="svg-inline icon-cart" xmlns="http://www.w3.org/2000/svg" viewBox="0 0 500 500" width="100%" height="100%"><path fill="#EB0203" fill-rule="evenodd" d="M 485.67317,94.386311 C 476.37798,83.847129 463.09468,78.03348 448.30404,78.03348 H 90.690813 L 87.079511,51.327997 C 83.185582,22.539551 62.962285,0 41.011841,0 H 14.727836 C 6.563151,0 0,6.5286975 0,14.580758 c 0,8.05206 6.5945535,14.580758 14.727836,14.580758 h 26.284005 c 4.710398,0 14.696435,9.855222 16.894619,26.021523 L 100.01739,368.0631 c 1.88416,13.77244 9.01256,26.70549 20.1605,36.37417 8.25889,7.15046 18.02511,11.9071 28.26237,13.89679 -4.17655,7.58572 -6.53175,16.25957 -6.53175,25.493 0,29.53459 24.27424,53.59751 54.13815,53.59751 29.8325,0 54.13814,-24.03184 54.13814,-53.59751 0,-8.79818 -2.19818,-17.09897 -5.9979,-24.43598 h 77.12488 c -3.79973,7.33701 -5.96652,15.6378 -5.96652,24.43598 0,29.53459 24.27424,53.59751 54.13817,53.59751 29.83249,0 54.13814,-24.03184 54.13814,-53.59751 0,-8.79818 -2.1982,-17.09897 -5.9979,-24.43598 h 38.56243 c 8.13328,0 14.72783,-6.5287 14.72783,-14.61183 0,-8.02098 -6.59455,-14.54967 -14.72783,-14.54967 H 159.24277 c -14.38241,0 -28.13677,-11.90711 -30.02092,-26.02153 l -3.07746,-22.88154 h 290.6314 c 14.03698,0 27.94834,-5.28513 39.06488,-14.95381 11.11652,-9.6376 18.27632,-22.57065 20.16048,-36.37417 l 21.10259,-156.78201 c 1.94694,-14.51858 -2.10398,-28.29103 -11.43057,-38.861299 z M 220.76053,443.82706 c 0,13.49265 -11.08513,24.46709 -24.68247,24.46709 -13.62874,0 -24.71387,-10.97444 -24.71387,-24.46709 0,-13.49262 11.08513,-24.43598 24.71387,-24.43598 13.59734,0 24.68247,10.94336 24.68247,24.43598 z m 173.43675,0 c 0,13.49265 -11.08512,24.46709 -24.68245,24.46709 -13.62876,0 -24.71388,-10.97444 -24.71388,-24.46709 0,-13.49262 11.08512,-24.43598 24.71388,-24.43598 13.59733,0 24.68245,10.94336 24.68245,24.43598 z m 73.7648,-314.46558 -21.13397,156.782 c -1.88416,14.11442 -15.63851,26.05261 -30.02091,26.05261 H 122.25046 L 94.616142,107.19499 H 448.33544 c 6.18632,0 11.61896,2.2695 15.23028,6.37326 3.64269,4.13484 5.21283,9.73086 4.39636,15.79323 z"></path></svg>
                        </span>
                        </span>
                        <span class="add-to-cart--text d-none d-sm-block">Carrinho</span>
                        </button>
                        </div>
                        </div>
                        </div>
                        </div>
                        
                        <div class="col-12 d-sm-none">
                        </div>
                        </div>
                        </div>
                        </div>
                        </div>
                        <div class="col-12 col-sm-3 col-lg-2 productTile" data-idx="7">
                        
                        <script type="text/javascript">//<!--
                        /* <![CDATA[ */
                        (function(){
                        try {
                            if(window.CQuotient) {
                            var cq_params = {};
                            
                            cq_params.cookieId = window.CQuotient.getCQCookieId();
                            cq_params.userId = window.CQuotient.getCQUserId();
                            cq_params.emailId = CQuotient.getCQHashedEmail();
                            cq_params.loginId = CQuotient.getCQHashedLogin();
                            cq_params.accumulate = true;
                            cq_params.products = [{
                                id: '4436846',
                                sku: ''
                            }];
                            cq_params.categoryId = 'mercearias';
                            cq_params.refinements = '[{\"name\":\"priceMin\",\"value\":\"0.01\"},{\"name\":\"priceMax\",\"value\":\"null\"},{\"name\":\"curr\",\"value\":\"EUR\"},{\"name\":\"Category\",\"value\":\"mercearias\"}]';
                            cq_params.personalized = 'false';
                            cq_params.sortingRule = 'FOOD_Mercearia';
                            cq_params.imageUUID = '__UNDEFINED__';
                            cq_params.realm = "BDVS";
                            cq_params.siteId = "continente";
                            cq_params.instanceType = "prd";
                            cq_params.queryLocale = "default";
                            cq_params.locale = window.CQuotient.locale;
                            
                            if(window.CQuotient.sendActivity)
                                window.CQuotient.sendActivity(CQuotient.clientId, 'viewCategory', cq_params);
                            else
                                window.CQuotient.activities.push({
                                    activityType: 'viewCategory',
                                    parameters: cq_params
                                });
                          }
                        } catch(err) {}
                        })();
                        /* ]]> */
                        // -->
                        </script>
                        <script type="text/javascript">//<!--
                        /* <![CDATA[ (viewCategoryProduct-active_data.js) */
                        (function(){
                        try {
                            if (dw.ac) {
                                var search_params = {};
                                search_params.persd = 'false';
                                search_params.refs = '[{\"name\":\"priceMin\",\"value\":\"0.01\"},{\"name\":\"priceMax\",\"value\":\"null\"},{\"name\":\"curr\",\"value\":\"EUR\"},{\"name\":\"Category\",\"value\":\"mercearias\"}]';
                                search_params.sort = 'FOOD_Mercearia';
                                search_params.imageUUID = '';
                                search_params.searchID = 'afeeff71-841d-471a-a4b6-1885a5ac2689';
                                search_params.locale = 'default';
                                search_params.queryLocale = 'default';
                                search_params.showProducts = 'true';
                                dw.ac.applyContext({category: "mercearias", searchData: search_params});
                                if (typeof dw.ac._scheduleDataSubmission === "function") {
                                    dw.ac._scheduleDataSubmission();
                                }
                            }
                        } catch(err) {}
                        })();
                        /* ]]> */
                        // -->
                        </script>
                        <script type="text/javascript">//<!--
                        /* <![CDATA[ (viewProduct-active_data.js) */
                        dw.ac._capture({id: "4436846", type: "searchhit"});
                        /* ]]> */
                        // -->
                        </script>
                        <div class="product" data-pid="4436846">
                        <div class="product-tile pid-4436846 ct-product-tile data-layer-pushed" data-delay-time="3000" data-variants-mapping="[]" data-in-cart-msg="no carrinho" data-one-product-added="Adicionado ao carrinho" data-remove-from-cart-msg="Removido do carrinho" data-stay-open="6000.0" data-product-tile-impression="{&quot;name&quot;:&quot;4436846&quot;,&quot;id&quot;:&quot;4436846&quot;,&quot;price&quot;:3.89,&quot;brand&quot;:&quot;Lion&quot;,&quot;category&quot;:[{&quot;category_level_1&quot;:&quot;Mercearia&quot;},{&quot;category_level_2&quot;:&quot;Cereais e Barras&quot;},{&quot;category_level_3&quot;:&quot;Cereais Infantis e Juvenis&quot;}],&quot;variant&quot;:&quot;&quot;}">
                        <div class="ct-inner-tile-wrap row no-gutters justify-content-center align-content-start">
                        
                        <div class="ct-image-container col-4 col-sm" data-confirmation-image="{&quot;url&quot;:&quot;https://www.continente.pt/dw/image/v2/BDVS_PRD/on/demandware.static/-/Sites-col-master-catalog/default/dwcf081abe/images/col/443/4436846-hero.jpg?sw=87&amp;sh=80&quot;,&quot;fallbackimage&quot;:{&quot;url&quot;:&quot;https://www.continente.pt/dw/image/v2/BDVS_PRD/on/demandware.static/Sites-continente-Site/-/default/dw7c42b4da/images/noimagelarge_product.png?sw=87&amp;sh=80&quot;,&quot;title&quot;:&quot;Cereais Lion Caramelo e Chocolate&quot;,&quot;alt&quot;:&quot;Cereais Lion Caramelo e Chocolate&quot;},&quot;title&quot;:&quot;Cereais Lion Caramelo e Chocolate&quot;,&quot;alt&quot;:&quot;Cereais Lion Caramelo e Chocolate&quot;}">
                        <a href="https://www.continente.pt/produto/cereais-lion-caramelo-e-chocolate-lion-4436846.html?cgid=mercearias">
                        <picture class="intrinsic intrinsic--square">
                        <img class="ct-tile-image lazyloaded" loading="lazy" onerror="this.onerror=null;this.src='/on/demandware.static/Sites-continente-Site/-/default/dw7c42b4da/images/noimagelarge_product.png';" data-src="https://www.continente.pt/dw/image/v2/BDVS_PRD/on/demandware.static/-/Sites-col-master-catalog/default/dwcf081abe/images/col/443/4436846-hero.jpg?sw=280&amp;sh=280" alt="Cereais Lion Caramelo e Chocolate" title="Cereais Lion Caramelo e Chocolate" src="https://www.continente.pt/dw/image/v2/BDVS_PRD/on/demandware.static/-/Sites-col-master-catalog/default/dwcf081abe/images/col/443/4436846-hero.jpg?sw=280&amp;sh=280">
                        </picture>
                        </a>
                        <div class="color-swatches d-flex" style="margin-left: 5px;">
                        <div class="swatches d-flex">
                        </div>
                        </div>
                        </div>
                        <div class="ct-tile-body col col-sm-auto ">
                        <div class="ct-pdp-details">
                        <div class="ct-pdp-link">
                        <a class="ct-tile--description" href="https://www.continente.pt/produto/cereais-lion-caramelo-e-chocolate-lion-4436846.html?cgid=mercearias">Cereais Lion Caramelo e Chocolate</a>
                        <div class="ct-tile--favorite-top d-sm-none">
                        <button class="wishlist-toggler guest-mode inactive button button--tertiary" data-pid="4436846" data-add-url="https://www.continente.pt/on/demandware.store/Sites-continente-Site/default/Wishlist-AddProduct?pid=4436846" data-toggle="tooltip" aria-label="Adicionar aos favoritos " data-original-title="Adicionar aos favoritos" data-placement="top">
                        <svg class="active-content" width="100%" height="100%" viewBox="0 0 20 22" fill="none" xmlns="http://www.w3.org/2000/svg">
                        <path fill-rule="evenodd" clip-rule="evenodd" d="M0 1.53052C0 0.685236 0.692171 0 1.54601 0H15.0736C15.9274 0 16.6196 0.685235 16.6196 1.53052V13.4064L15.8127 13.922L14.2658 14.2658L12.7189 13.4064L10.6054 14.3818C10.4994 14.2451 10.3327 14.157 10.1452 14.157H6.76329C6.4431 14.157 6.18354 14.414 6.18354 14.731C6.18354 15.0479 6.4431 15.3049 6.76329 15.3049H10.1452C10.2478 15.3049 10.3441 15.2785 10.4277 15.2322L10.3126 16.8439L13.2345 20.2793H1.54601C0.69217 20.2793 0 19.5941 0 18.7488V1.53052ZM6.18354 5.5483C6.18354 5.23132 6.4431 4.97436 6.76329 4.97436H12.3676C12.6878 4.97436 12.9473 5.23132 12.9473 5.5483C12.9473 5.86528 12.6878 6.12224 12.3676 6.12224H6.76329C6.4431 6.12224 6.18354 5.86528 6.18354 5.5483ZM6.76329 11.0961C6.4431 11.0961 6.18354 11.3531 6.18354 11.6701C6.18354 11.987 6.4431 12.244 6.76329 12.244H12.3676C12.6878 12.244 12.9473 11.987 12.9473 11.6701C12.9473 11.3531 12.6878 11.0961 12.3676 11.0961H6.76329ZM6.18354 8.60985C6.18354 8.29287 6.4431 8.03591 6.76329 8.03591H12.3676C12.6878 8.03591 12.9473 8.29287 12.9473 8.60985C12.9473 8.92684 12.6878 9.1838 12.3676 9.1838H6.76329C6.4431 9.1838 6.18354 8.92684 6.18354 8.60985ZM3.67118 5.5483C3.67118 5.23132 3.93075 4.97436 4.25093 4.97436H4.63743C4.95762 4.97436 5.21719 5.23132 5.21719 5.5483C5.21719 5.86528 4.95762 6.12224 4.63743 6.12224H4.25093C3.93075 6.12224 3.67118 5.86528 3.67118 5.5483ZM4.25093 11.0961C3.93075 11.0961 3.67118 11.3531 3.67118 11.6701C3.67118 11.987 3.93075 12.244 4.25093 12.244H4.63743C4.95762 12.244 5.21719 11.987 5.21719 11.6701C5.21719 11.3531 4.95762 11.0961 4.63743 11.0961H4.25093ZM3.67118 8.60985C3.67118 8.29287 3.93075 8.03591 4.25093 8.03591H4.63743C4.95762 8.03591 5.21719 8.29287 5.21719 8.60985C5.21719 8.92684 4.95762 9.1838 4.63743 9.1838H4.25093C3.93075 9.1838 3.67118 8.92684 3.67118 8.60985ZM4.25093 14.157C3.93075 14.157 3.67118 14.414 3.67118 14.731C3.67118 15.0479 3.93075 15.3049 4.25093 15.3049H4.63743C4.95762 15.3049 5.21719 15.0479 5.21719 14.731C5.21719 14.414 4.95762 14.157 4.63743 14.157H4.25093Z" fill="#EB0203"></path>
                        <path fill-rule="evenodd" clip-rule="evenodd" d="M14.6252 13.6363C13.4918 12.6215 11.7817 12.5264 10.6569 13.4792C9.12421 14.7764 9.34841 16.8912 10.4409 18.0122L14.0159 21.6742C14.2197 21.8832 14.4928 22 14.7822 22C15.0737 22 15.3448 21.8852 15.5486 21.6762L19.1236 18.0142C20.214 16.8933 20.4423 14.7785 18.9075 13.4792C17.7827 12.5283 16.0724 12.6217 14.9391 13.6365C14.8855 13.6845 14.8331 13.7345 14.7822 13.7866C14.7313 13.7345 14.6789 13.6843 14.6252 13.6363ZM18.1546 14.3522C19.0973 15.1508 18.9962 16.4896 18.2891 17.2173C18.2888 17.2175 18.2886 17.2177 18.2884 17.218L14.7832 20.8084L11.2753 17.2151C11.2752 17.215 11.2751 17.2149 11.2749 17.2148C10.5677 16.4887 10.4678 15.1495 11.4104 14.3518L11.4108 14.3514C12.0745 13.7892 13.2018 13.82 13.9488 14.5846L14.7822 15.4378L15.6157 14.5846C16.3617 13.8211 17.4896 13.79 18.1545 14.3521" fill="#EB0203"></path>
                        </svg>
                        <svg class="inactive-content" width="100%" height="100%" viewBox="0 0 20 23" fill="none" xmlns="http://www.w3.org/2000/svg">
                        <path fill-rule="evenodd" clip-rule="evenodd" d="M6.18408 5.77914C6.18408 5.46223 6.44363 5.20532 6.7638 5.20532H12.3678C12.6879 5.20532 12.9475 5.46223 12.9475 5.77914C12.9475 6.09606 12.6879 6.35297 12.3678 6.35297H6.7638C6.44363 6.35297 6.18408 6.09606 6.18408 5.77914Z" fill="#EB0203"></path>
                        <path fill-rule="evenodd" clip-rule="evenodd" d="M6.18408 11.9034C6.18408 11.5865 6.44363 11.3296 6.7638 11.3296H12.3678C12.6879 11.3296 12.9475 11.5865 12.9475 11.9034C12.9475 12.2202 12.6879 12.4771 12.3678 12.4771H6.7638C6.44363 12.4771 6.18408 12.2202 6.18408 11.9034Z" fill="#EB0203"></path>
                        <path fill-rule="evenodd" clip-rule="evenodd" d="M6.18408 8.84116C6.18408 8.52424 6.44363 8.26733 6.7638 8.26733H12.3678C12.6879 8.26733 12.9475 8.52424 12.9475 8.84116C12.9475 9.15807 12.6879 9.41498 12.3678 9.41498H6.7638C6.44363 9.41498 6.18408 9.15807 6.18408 8.84116Z" fill="#EB0203"></path>
                        <path fill-rule="evenodd" clip-rule="evenodd" d="M6.18408 14.9655C6.18408 14.6486 6.44363 14.3917 6.7638 14.3917H10.1455C10.4657 14.3917 10.7252 14.6486 10.7252 14.9655C10.7252 15.2825 10.4657 15.5394 10.1455 15.5394H6.7638C6.44363 15.5394 6.18408 15.2825 6.18408 14.9655Z" fill="#EB0203"></path>
                        <path fill-rule="evenodd" clip-rule="evenodd" d="M3.67139 5.77914C3.67139 5.46223 3.93094 5.20532 4.25111 5.20532H4.63759C4.95776 5.20532 5.21731 5.46223 5.21731 5.77914C5.21731 6.09606 4.95776 6.35297 4.63759 6.35297H4.25111C3.93094 6.35297 3.67139 6.09606 3.67139 5.77914Z" fill="#EB0203"></path>
                        <path fill-rule="evenodd" clip-rule="evenodd" d="M3.67139 11.9034C3.67139 11.5865 3.93094 11.3296 4.25111 11.3296H4.63759C4.95776 11.3296 5.21731 11.5865 5.21731 11.9034C5.21731 12.2202 4.95776 12.4771 4.63759 12.4771H4.25111C3.93094 12.4771 3.67139 12.2202 3.67139 11.9034Z" fill="#EB0203"></path>
                        <path fill-rule="evenodd" clip-rule="evenodd" d="M3.67139 8.84116C3.67139 8.52424 3.93094 8.26733 4.25111 8.26733H4.63759C4.95776 8.26733 5.21731 8.52424 5.21731 8.84116C5.21731 9.15807 4.95776 9.41498 4.63759 9.41498H4.25111C3.93094 9.41498 3.67139 9.15807 3.67139 8.84116Z" fill="#EB0203"></path>
                        <path fill-rule="evenodd" clip-rule="evenodd" d="M3.67139 14.9655C3.67139 14.6486 3.93094 14.3917 4.25111 14.3917H4.63759C4.95776 14.3917 5.21731 14.6486 5.21731 14.9655C5.21731 15.2825 4.95776 15.5394 4.63759 15.5394H4.25111C3.93094 15.5394 3.67139 15.2825 3.67139 14.9655Z" fill="#EB0203"></path>
                        <path fill-rule="evenodd" clip-rule="evenodd" d="M0 1.76033C0 0.914738 0.692131 0.229248 1.54592 0.229248H15.0727C15.9265 0.229248 16.6186 0.914738 16.6186 1.76033V11.2818C16.6186 11.5989 16.3591 11.8559 16.0389 11.8559C15.7187 11.8559 15.4592 11.5989 15.4592 11.2818V1.76033C15.4592 1.54893 15.2862 1.37756 15.0727 1.37756H1.54592C1.33247 1.37756 1.15944 1.54893 1.15944 1.76033V18.985C1.15944 19.1964 1.33247 19.3678 1.54592 19.3678H9.27551C9.59568 19.3678 9.85523 19.6249 9.85523 19.942C9.85523 20.2591 9.59568 20.5161 9.27551 20.5161H1.54592C0.692131 20.5161 0 19.8306 0 18.985V1.76033Z" fill="#EB0203"></path>
                        <path fill-rule="evenodd" clip-rule="evenodd" d="M14.6254 13.8718C13.4921 12.8567 11.7821 12.7615 10.6574 13.7147C9.12472 15.0124 9.34891 17.128 10.4413 18.2493L14.0161 21.9126C14.2199 22.1217 14.493 22.2386 14.7824 22.2386C15.0739 22.2386 15.3449 22.1238 15.5487 21.9147L19.1235 18.2514C20.2139 17.13 20.4422 15.0144 18.9075 13.7147C17.7827 12.7634 16.0726 12.8569 14.9392 13.872C14.8856 13.92 14.8333 13.9701 14.7824 14.0222C14.7314 13.97 14.6791 13.9199 14.6254 13.8718ZM18.1546 14.588C19.0972 15.3869 18.9961 16.7262 18.2891 17.4541C18.2888 17.4543 18.2886 17.4546 18.2884 17.4548L14.7834 21.0466L11.2757 17.452C11.2756 17.4519 11.2755 17.4517 11.2753 17.4516C10.5681 16.7252 10.4682 15.3856 11.4108 14.5876L11.4112 14.5872C12.0748 14.0248 13.202 14.0556 13.949 14.8205L14.7824 15.674L15.6158 14.8205C16.3618 14.0567 17.4896 14.0256 18.1545 14.5879" fill="#EB0203"></path>
                        </svg>
                        </button>
                        </div>
                        </div>
                        <p class="ct-tile--brand">Lion</p>
                        <p class="ct-tile--quantity">emb. 400 gr</p>
                        </div>
                        <div class="ct-tile-bottom row no-gutters justify-content-between">
                        <div class="ct-price-wrap col-8 col-sm-12">
                        <div class="price js-product-price">
                        <div class="prices-wrapper">
                        <span class="sales ct-tile--price-primary ">
                        <span class="value" content="3.89">
                        <span class="ct-price-formatted">
                        €3,89
                        </span>
                        <span class="ct-m-unit">
                        /un
                        </span>
                        </span>
                        </span>
                        </div>
                        <div class="ct-tile--price-secondary">
                        <span class="ct-price-value">
                        €9,73
                        </span>
                        <span class="ct-m-unit">
                        /kg
                        </span>
                        </div>
                        </div>
                        </div>
                        <div class="ct-tile-buy-section d-flex justify-content-center no-gutters col-auto col-sm-12">
                        <div class="col-2 d-sm-flex d-none">
                        <button class="wishlist-toggler guest-mode inactive button button--tertiary" data-pid="4436846" data-add-url="https://www.continente.pt/on/demandware.store/Sites-continente-Site/default/Wishlist-AddProduct?pid=4436846" data-toggle="tooltip" aria-label="Adicionar aos favoritos " data-original-title="Adicionar aos favoritos" data-placement="top">
                        <svg class="active-content" width="100%" height="100%" viewBox="0 0 20 22" fill="none" xmlns="http://www.w3.org/2000/svg">
                        <path fill-rule="evenodd" clip-rule="evenodd" d="M0 1.53052C0 0.685236 0.692171 0 1.54601 0H15.0736C15.9274 0 16.6196 0.685235 16.6196 1.53052V13.4064L15.8127 13.922L14.2658 14.2658L12.7189 13.4064L10.6054 14.3818C10.4994 14.2451 10.3327 14.157 10.1452 14.157H6.76329C6.4431 14.157 6.18354 14.414 6.18354 14.731C6.18354 15.0479 6.4431 15.3049 6.76329 15.3049H10.1452C10.2478 15.3049 10.3441 15.2785 10.4277 15.2322L10.3126 16.8439L13.2345 20.2793H1.54601C0.69217 20.2793 0 19.5941 0 18.7488V1.53052ZM6.18354 5.5483C6.18354 5.23132 6.4431 4.97436 6.76329 4.97436H12.3676C12.6878 4.97436 12.9473 5.23132 12.9473 5.5483C12.9473 5.86528 12.6878 6.12224 12.3676 6.12224H6.76329C6.4431 6.12224 6.18354 5.86528 6.18354 5.5483ZM6.76329 11.0961C6.4431 11.0961 6.18354 11.3531 6.18354 11.6701C6.18354 11.987 6.4431 12.244 6.76329 12.244H12.3676C12.6878 12.244 12.9473 11.987 12.9473 11.6701C12.9473 11.3531 12.6878 11.0961 12.3676 11.0961H6.76329ZM6.18354 8.60985C6.18354 8.29287 6.4431 8.03591 6.76329 8.03591H12.3676C12.6878 8.03591 12.9473 8.29287 12.9473 8.60985C12.9473 8.92684 12.6878 9.1838 12.3676 9.1838H6.76329C6.4431 9.1838 6.18354 8.92684 6.18354 8.60985ZM3.67118 5.5483C3.67118 5.23132 3.93075 4.97436 4.25093 4.97436H4.63743C4.95762 4.97436 5.21719 5.23132 5.21719 5.5483C5.21719 5.86528 4.95762 6.12224 4.63743 6.12224H4.25093C3.93075 6.12224 3.67118 5.86528 3.67118 5.5483ZM4.25093 11.0961C3.93075 11.0961 3.67118 11.3531 3.67118 11.6701C3.67118 11.987 3.93075 12.244 4.25093 12.244H4.63743C4.95762 12.244 5.21719 11.987 5.21719 11.6701C5.21719 11.3531 4.95762 11.0961 4.63743 11.0961H4.25093ZM3.67118 8.60985C3.67118 8.29287 3.93075 8.03591 4.25093 8.03591H4.63743C4.95762 8.03591 5.21719 8.29287 5.21719 8.60985C5.21719 8.92684 4.95762 9.1838 4.63743 9.1838H4.25093C3.93075 9.1838 3.67118 8.92684 3.67118 8.60985ZM4.25093 14.157C3.93075 14.157 3.67118 14.414 3.67118 14.731C3.67118 15.0479 3.93075 15.3049 4.25093 15.3049H4.63743C4.95762 15.3049 5.21719 15.0479 5.21719 14.731C5.21719 14.414 4.95762 14.157 4.63743 14.157H4.25093Z" fill="#EB0203"></path>
                        <path fill-rule="evenodd" clip-rule="evenodd" d="M14.6252 13.6363C13.4918 12.6215 11.7817 12.5264 10.6569 13.4792C9.12421 14.7764 9.34841 16.8912 10.4409 18.0122L14.0159 21.6742C14.2197 21.8832 14.4928 22 14.7822 22C15.0737 22 15.3448 21.8852 15.5486 21.6762L19.1236 18.0142C20.214 16.8933 20.4423 14.7785 18.9075 13.4792C17.7827 12.5283 16.0724 12.6217 14.9391 13.6365C14.8855 13.6845 14.8331 13.7345 14.7822 13.7866C14.7313 13.7345 14.6789 13.6843 14.6252 13.6363ZM18.1546 14.3522C19.0973 15.1508 18.9962 16.4896 18.2891 17.2173C18.2888 17.2175 18.2886 17.2177 18.2884 17.218L14.7832 20.8084L11.2753 17.2151C11.2752 17.215 11.2751 17.2149 11.2749 17.2148C10.5677 16.4887 10.4678 15.1495 11.4104 14.3518L11.4108 14.3514C12.0745 13.7892 13.2018 13.82 13.9488 14.5846L14.7822 15.4378L15.6157 14.5846C16.3617 13.8211 17.4896 13.79 18.1545 14.3521" fill="#EB0203"></path>
                        </svg>
                        <svg class="inactive-content" width="100%" height="100%" viewBox="0 0 20 23" fill="none" xmlns="http://www.w3.org/2000/svg">
                        <path fill-rule="evenodd" clip-rule="evenodd" d="M6.18408 5.77914C6.18408 5.46223 6.44363 5.20532 6.7638 5.20532H12.3678C12.6879 5.20532 12.9475 5.46223 12.9475 5.77914C12.9475 6.09606 12.6879 6.35297 12.3678 6.35297H6.7638C6.44363 6.35297 6.18408 6.09606 6.18408 5.77914Z" fill="#EB0203"></path>
                        <path fill-rule="evenodd" clip-rule="evenodd" d="M6.18408 11.9034C6.18408 11.5865 6.44363 11.3296 6.7638 11.3296H12.3678C12.6879 11.3296 12.9475 11.5865 12.9475 11.9034C12.9475 12.2202 12.6879 12.4771 12.3678 12.4771H6.7638C6.44363 12.4771 6.18408 12.2202 6.18408 11.9034Z" fill="#EB0203"></path>
                        <path fill-rule="evenodd" clip-rule="evenodd" d="M6.18408 8.84116C6.18408 8.52424 6.44363 8.26733 6.7638 8.26733H12.3678C12.6879 8.26733 12.9475 8.52424 12.9475 8.84116C12.9475 9.15807 12.6879 9.41498 12.3678 9.41498H6.7638C6.44363 9.41498 6.18408 9.15807 6.18408 8.84116Z" fill="#EB0203"></path>
                        <path fill-rule="evenodd" clip-rule="evenodd" d="M6.18408 14.9655C6.18408 14.6486 6.44363 14.3917 6.7638 14.3917H10.1455C10.4657 14.3917 10.7252 14.6486 10.7252 14.9655C10.7252 15.2825 10.4657 15.5394 10.1455 15.5394H6.7638C6.44363 15.5394 6.18408 15.2825 6.18408 14.9655Z" fill="#EB0203"></path>
                        <path fill-rule="evenodd" clip-rule="evenodd" d="M3.67139 5.77914C3.67139 5.46223 3.93094 5.20532 4.25111 5.20532H4.63759C4.95776 5.20532 5.21731 5.46223 5.21731 5.77914C5.21731 6.09606 4.95776 6.35297 4.63759 6.35297H4.25111C3.93094 6.35297 3.67139 6.09606 3.67139 5.77914Z" fill="#EB0203"></path>
                        <path fill-rule="evenodd" clip-rule="evenodd" d="M3.67139 11.9034C3.67139 11.5865 3.93094 11.3296 4.25111 11.3296H4.63759C4.95776 11.3296 5.21731 11.5865 5.21731 11.9034C5.21731 12.2202 4.95776 12.4771 4.63759 12.4771H4.25111C3.93094 12.4771 3.67139 12.2202 3.67139 11.9034Z" fill="#EB0203"></path>
                        <path fill-rule="evenodd" clip-rule="evenodd" d="M3.67139 8.84116C3.67139 8.52424 3.93094 8.26733 4.25111 8.26733H4.63759C4.95776 8.26733 5.21731 8.52424 5.21731 8.84116C5.21731 9.15807 4.95776 9.41498 4.63759 9.41498H4.25111C3.93094 9.41498 3.67139 9.15807 3.67139 8.84116Z" fill="#EB0203"></path>
                        <path fill-rule="evenodd" clip-rule="evenodd" d="M3.67139 14.9655C3.67139 14.6486 3.93094 14.3917 4.25111 14.3917H4.63759C4.95776 14.3917 5.21731 14.6486 5.21731 14.9655C5.21731 15.2825 4.95776 15.5394 4.63759 15.5394H4.25111C3.93094 15.5394 3.67139 15.2825 3.67139 14.9655Z" fill="#EB0203"></path>
                        <path fill-rule="evenodd" clip-rule="evenodd" d="M0 1.76033C0 0.914738 0.692131 0.229248 1.54592 0.229248H15.0727C15.9265 0.229248 16.6186 0.914738 16.6186 1.76033V11.2818C16.6186 11.5989 16.3591 11.8559 16.0389 11.8559C15.7187 11.8559 15.4592 11.5989 15.4592 11.2818V1.76033C15.4592 1.54893 15.2862 1.37756 15.0727 1.37756H1.54592C1.33247 1.37756 1.15944 1.54893 1.15944 1.76033V18.985C1.15944 19.1964 1.33247 19.3678 1.54592 19.3678H9.27551C9.59568 19.3678 9.85523 19.6249 9.85523 19.942C9.85523 20.2591 9.59568 20.5161 9.27551 20.5161H1.54592C0.692131 20.5161 0 19.8306 0 18.985V1.76033Z" fill="#EB0203"></path>
                        <path fill-rule="evenodd" clip-rule="evenodd" d="M14.6254 13.8718C13.4921 12.8567 11.7821 12.7615 10.6574 13.7147C9.12472 15.0124 9.34891 17.128 10.4413 18.2493L14.0161 21.9126C14.2199 22.1217 14.493 22.2386 14.7824 22.2386C15.0739 22.2386 15.3449 22.1238 15.5487 21.9147L19.1235 18.2514C20.2139 17.13 20.4422 15.0144 18.9075 13.7147C17.7827 12.7634 16.0726 12.8569 14.9392 13.872C14.8856 13.92 14.8333 13.9701 14.7824 14.0222C14.7314 13.97 14.6791 13.9199 14.6254 13.8718ZM18.1546 14.588C19.0972 15.3869 18.9961 16.7262 18.2891 17.4541C18.2888 17.4543 18.2886 17.4546 18.2884 17.4548L14.7834 21.0466L11.2757 17.452C11.2756 17.4519 11.2755 17.4517 11.2753 17.4516C10.5681 16.7252 10.4682 15.3856 11.4108 14.5876L11.4112 14.5872C12.0748 14.0248 13.202 14.0556 13.949 14.8205L14.7824 15.674L15.6158 14.8205C16.3618 14.0567 17.4896 14.0256 18.1545 14.5879" fill="#EB0203"></path>
                        </svg>
                        </button>
                        </div>
                        <div class="col-sm-10 col-12">
                        <div class="ct-tile-quantity d-none" data-pid="4436846">
                        <input type="hidden" class="add-to-cart-url" value="https://www.continente.pt/on/demandware.store/Sites-continente-Site/default/Cart-AddProduct">
                        <div class="d-none tile-delete-confirmation-btn" data-pid="4436846" data-delay-time="3000" data-in-cart-msg="no carrinho" data-one-product-added="Adicionado ao carrinho" data-remove-from-cart-msg="Removido do carrinho" data-stay-open="6000.0" data-confirmation-image="{&quot;url&quot;:&quot;https://www.continente.pt/dw/image/v2/BDVS_PRD/on/demandware.static/-/Sites-col-master-catalog/default/dwcf081abe/images/col/443/4436846-hero.jpg?sw=87&amp;sh=80&quot;,&quot;fallbackimage&quot;:{&quot;url&quot;:&quot;https://www.continente.pt/dw/image/v2/BDVS_PRD/on/demandware.static/Sites-continente-Site/-/default/dw7c42b4da/images/noimagelarge_product.png?sw=87&amp;sh=80&quot;,&quot;title&quot;:&quot;Cereais Lion Caramelo e Chocolate&quot;,&quot;alt&quot;:&quot;Cereais Lion Caramelo e Chocolate&quot;},&quot;title&quot;:&quot;Cereais Lion Caramelo e Chocolate&quot;,&quot;alt&quot;:&quot;Cereais Lion Caramelo e Chocolate&quot;}"></div>
                        <div class="ct-tile-quantity-update quantity-update product-qty-vue" data-remove-action="https://www.continente.pt/on/demandware.store/Sites-continente-Site/default/Cart-RemoveProductLineItem" data-action="https://www.continente.pt/on/demandware.store/Sites-continente-Site/default/Cart-UpdateQuantity" data-dimension-update="https://www.continente.pt/on/demandware.store/Sites-continente-Site/default/Cart-DimensionUpdate" data-pid="4436846" data-uuid="f1fb444ae3fe4efe9b248ca486" data-add-delay="500.0" data-measure-options="{&quot;hasConversionRate&quot;:false,&quot;hasAlternativeSaleUnit&quot;:false,&quot;unitConversionRate&quot;:0,&quot;minOrderQuantity&quot;:1,&quot;stepQuantity&quot;:1,&quot;primaryunit&quot;:&quot;un&quot;,&quot;secondaryunit&quot;:&quot;kg&quot;,&quot;selectedunit&quot;:&quot;primary&quot;,&quot;maxNumberOfUnitsPerSale&quot;:50}" data-price-available="null" :data-has-error="isMaxQtyReached || isMinQtyReached || qtySelectedMoreThanOne">
                        <template v-show="prodUnits">
                        <div class="quantity-input-wrapper has-units">
                        <label class="visually-hidden" :for="'quantity-' + pid + additionalTag">
                        Quantidade no carrinho
                        </label>
                        <input :ref="'quantityInput-' + pid + additionalTag" class="add-to-cart-quantity form-control ct-form-input text-center" inputmode="numeric" :class="{'is-invalid': isInvalid}" :data-pid="pid + additionalTag" :name="'quantity-' + pid + additionalTag" type="text" aria-label="Insira a quantidade" title="" v-model="displayValue" @change="updateQuantity" @focus="updateQtyFormat" @blur="restoreQtyFormat" :disabled="!isPriceAvailable">
                        <span class="quantity-icon quantity-icon--minus">
                        <button class="decrease-quantity-btn" @click="updateQuantity" :disabled="!isPriceAvailable" role="button" aria-label="Reduzir quantidade">
                        <i class="css-math-minus"></i>
                        </button>
                        </span>
                        <span class="quantity-icon quantity-icon--plus">
                        <button class="increase-quantity-btn" @click="updateQuantity" :disabled="isMaxQtyReached || !isPriceAvailable" role="button" aria-label="Aumentar quantidade">
                        <i class="css-math-plus"></i>
                        </button>
                        <span class="quantity-btn-disabled-placeholder"></span>
                        </span>
                        <template v-if="isPDP">
                        <span class="quantity-error ct-span-error text-sm-center product-max-allocation" v-if="isMaxQtyReached">
                        Quantidade máxima atingida
                        </span>
                        <span class="quantity-error ct-span-product text-sm-center product-allocation" v-if="!isMinQtyReached &amp;&amp; !isMaxQtyReached">
                        {{quantitySelected}} no carrinho
                        </span>
                        <span class="quantity-error ct-span-error text-sm-center product-min-allocation" :data-pid="pid" v-if="isMinQtyReached &amp;&amp; !isMaxQtyReached">
                        Quantidade mínima atingida
                        </span>
                        </template>
                        </div>
                        <template v-if="showNotes">
                        <div class="add-note-link-container ">
                        <div class="add-note">
                        <a href="/produto/cereais-lion-caramelo-e-chocolate-lion-4436846.html?showNote=true" class="ct-add-note-redirect-pdp" aria-label="Adicionar comentário">
                        <span class="svg-wrapper svg-icon-notes" style="width:19px; height:20px">
                        <svg class="svg-inline icon-notes" viewBox="0 0 28 30" xmlns="http://www.w3.org/2000/svg" width="100%" height="100%"><path d="M21.738 0C22.985 0 24 1.04 24 2.319V12.47c0 .469-.37.848-.828.848-.457 0-.827-.38-.827-.848V2.32c0-.343-.273-.622-.607-.622H2.262c-.334 0-.607.279-.607.622V27.68c0 .343.273.622.607.622h7.81c.457 0 .827.38.827.849 0 .468-.37.848-.827.848h-7.81C1.015 30 0 28.96 0 27.681V2.32C0 1.04 1.015 0 2.262 0h19.476zm2.844 16.004l.227.007c.823.053 1.589.39 2.176.964.64.627.993 1.46.993 2.349 0 .888-.353 1.722-.993 2.348l-6.83 6.665c-.11.108-.247.186-.397.226l-5.032 1.363c-.078.021-.16.032-.241.032-.242 0-.478-.097-.647-.266-.23-.231-.314-.566-.218-.874l1.49-4.798c.044-.139.122-.266.227-.369l6.844-6.677c.64-.625 1.493-.97 2.401-.97zm-2.886 3.94l-4.922 4.802-.947 3.048 3.22-.872 4.897-4.78-2.248-2.197zm2.887-2.174c-.425 0-.824.162-1.124.455l-.484.472 2.248 2.197.484-.472c.62-.606.62-1.591 0-2.197l-.117-.104c-.283-.227-.636-.35-1.007-.35zm-10.839.022c.498 0 .904.396.904.883 0 .488-.406.884-.904.884H5.946c-.499 0-.904-.396-.904-.884 0-.487.405-.883.904-.883zm5.042-4.876c.498 0 .904.397.904.884s-.406.884-.904.884H5.946c-.499 0-.904-.397-.904-.884s.405-.884.904-.884zm0-4.875c.498 0 .904.396.904.884 0 .487-.406.883-.904.883H5.946c-.499 0-.904-.396-.904-.883 0-.488.405-.884.904-.884z" fill="#EB0203" fill-rule="evenodd"></path></svg>
                        </span>
                        <div class="available-note d-none"></div>
                        </a>
                        </div>
                        </div>
                        </template>
                        <div class="measurement-unit-section" v-if="isPriceAvailable &amp;&amp; prodUnits ? prodUnits.hasAlternativeUnit : false">
                        <div class="ct-form-radio" @click="setDimension">
                        <input type="radio" title="" class="ct-form-check-input product-measurement-unit" :data-type="prodUnits.selectedUnit == prodUnits.secondaryUnit ? 'primary' : ''" :id="prodUnits.secondaryUnit + '-' + pid + '-measurement-unit-ptile' + additionalTag" :name="'measurement-unit-' + pid + '-ptile' + additionalTag" :value="prodUnits.secondaryUnit" v-model="prodUnits.selectedUnit">
                        <label :class="prodUnits.secondaryUnit + '-label ct-form-check-label mb-0'" :for="prodUnits.secondaryUnit + '-' + pid + '-measurement-unit-ptile' + additionalTag">
                        {{prodUnits.secondaryUnit}}
                        </label>
                        <span class="checkmark"></span>
                        </div>
                        <div class="ct-form-radio" @click="setDimension">
                        <input type="radio" title="" class="ct-form-check-input product-measurement-unit" :data-type="prodUnits.selectedUnit == prodUnits.primaryUnit ? 'primary' : ''" :id="prodUnits.primaryUnit + '-' + pid + '-measurement-unit-ptile' + additionalTag" :name="'measurement-unit-' + pid + '-ptile' + additionalTag" :value="prodUnits.primaryUnit" v-model="prodUnits.selectedUnit">
                        <label :class="prodUnits.primaryUnit + '-label ct-form-check-label mb-0'" :for="prodUnits.primaryUnit + '-' + pid + '-measurement-unit-ptile' + additionalTag">
                        {{prodUnits.primaryUnit}}
                        </label>
                        <span class="checkmark"></span>
                        </div>
                        </div>
                        <template v-if="!isPDP &amp;&amp; isPriceAvailable">
                        <span class="quantity-error ct-span-error product-max-allocation" v-if="isMaxQtyReached">
                        Quantidade máxima atingida
                        </span>
                        <span class="quantity-error ct-span-product product-allocation" v-if="!isMinQtyReached &amp;&amp; !isMaxQtyReached">
                        {{quantitySelected}} no carrinho
                        </span>
                        <span class="quantity-error ct-span-error product-min-allocation" :data-pid="pid" v-if="isMinQtyReached &amp;&amp; !isMaxQtyReached">
                        Quantidade mínima atingida
                        </span>
                        </template>
                        </template>
                        </div>
                        <input class="quantity-value-mask d-none" name="quantity" type="number" min="0" value="">
                        </div>
                        <button type="button" class="add-to-cart button js-add-to-cart js-add-to-cart-tile 4436846 button--primary dynamic-layout-btn" data-toggle="modal" data-target="#chooseBonusProductModal" data-pid="4436846" data-quantity-value="null" aria-label="Carrinho">
                        <span class="d-block d-sm-none">
                        <span class="svg-wrapper svg-icon-cart" style="width:20px; height:20px">
                        <svg class="svg-inline icon-cart" xmlns="http://www.w3.org/2000/svg" viewBox="0 0 500 500" width="100%" height="100%"><path fill="#EB0203" fill-rule="evenodd" d="M 485.67317,94.386311 C 476.37798,83.847129 463.09468,78.03348 448.30404,78.03348 H 90.690813 L 87.079511,51.327997 C 83.185582,22.539551 62.962285,0 41.011841,0 H 14.727836 C 6.563151,0 0,6.5286975 0,14.580758 c 0,8.05206 6.5945535,14.580758 14.727836,14.580758 h 26.284005 c 4.710398,0 14.696435,9.855222 16.894619,26.021523 L 100.01739,368.0631 c 1.88416,13.77244 9.01256,26.70549 20.1605,36.37417 8.25889,7.15046 18.02511,11.9071 28.26237,13.89679 -4.17655,7.58572 -6.53175,16.25957 -6.53175,25.493 0,29.53459 24.27424,53.59751 54.13815,53.59751 29.8325,0 54.13814,-24.03184 54.13814,-53.59751 0,-8.79818 -2.19818,-17.09897 -5.9979,-24.43598 h 77.12488 c -3.79973,7.33701 -5.96652,15.6378 -5.96652,24.43598 0,29.53459 24.27424,53.59751 54.13817,53.59751 29.83249,0 54.13814,-24.03184 54.13814,-53.59751 0,-8.79818 -2.1982,-17.09897 -5.9979,-24.43598 h 38.56243 c 8.13328,0 14.72783,-6.5287 14.72783,-14.61183 0,-8.02098 -6.59455,-14.54967 -14.72783,-14.54967 H 159.24277 c -14.38241,0 -28.13677,-11.90711 -30.02092,-26.02153 l -3.07746,-22.88154 h 290.6314 c 14.03698,0 27.94834,-5.28513 39.06488,-14.95381 11.11652,-9.6376 18.27632,-22.57065 20.16048,-36.37417 l 21.10259,-156.78201 c 1.94694,-14.51858 -2.10398,-28.29103 -11.43057,-38.861299 z M 220.76053,443.82706 c 0,13.49265 -11.08513,24.46709 -24.68247,24.46709 -13.62874,0 -24.71387,-10.97444 -24.71387,-24.46709 0,-13.49262 11.08513,-24.43598 24.71387,-24.43598 13.59734,0 24.68247,10.94336 24.68247,24.43598 z m 173.43675,0 c 0,13.49265 -11.08512,24.46709 -24.68245,24.46709 -13.62876,0 -24.71388,-10.97444 -24.71388,-24.46709 0,-13.49262 11.08512,-24.43598 24.71388,-24.43598 13.59733,0 24.68245,10.94336 24.68245,24.43598 z m 73.7648,-314.46558 -21.13397,156.782 c -1.88416,14.11442 -15.63851,26.05261 -30.02091,26.05261 H 122.25046 L 94.616142,107.19499 H 448.33544 c 6.18632,0 11.61896,2.2695 15.23028,6.37326 3.64269,4.13484 5.21283,9.73086 4.39636,15.79323 z"></path></svg>
                        </span>
                        </span>
                        <span class="add-to-cart--text d-none d-sm-block">Carrinho</span>
                        </button>
                        </div>
                        </div>
                        </div>
                        </div>
                        
                        <div class="col-12 d-sm-none">
                        </div>
                        </div>
                        </div>
                        </div>
                        </div>
                        <div class="col-12 col-sm-3 col-lg-2 productTile" data-idx="8">
                        
                        <script type="text/javascript">//<!--
                        /* <![CDATA[ */
                        (function(){
                        try {
                            if(window.CQuotient) {
                            var cq_params = {};
                            
                            cq_params.cookieId = window.CQuotient.getCQCookieId();
                            cq_params.userId = window.CQuotient.getCQUserId();
                            cq_params.emailId = CQuotient.getCQHashedEmail();
                            cq_params.loginId = CQuotient.getCQHashedLogin();
                            cq_params.accumulate = true;
                            cq_params.products = [{
                                id: '2767062',
                                sku: ''
                            }];
                            cq_params.categoryId = 'mercearias';
                            cq_params.refinements = '[{\"name\":\"priceMin\",\"value\":\"0.01\"},{\"name\":\"priceMax\",\"value\":\"null\"},{\"name\":\"curr\",\"value\":\"EUR\"},{\"name\":\"Category\",\"value\":\"mercearias\"}]';
                            cq_params.personalized = 'false';
                            cq_params.sortingRule = 'FOOD_Mercearia';
                            cq_params.imageUUID = '__UNDEFINED__';
                            cq_params.realm = "BDVS";
                            cq_params.siteId = "continente";
                            cq_params.instanceType = "prd";
                            cq_params.queryLocale = "default";
                            cq_params.locale = window.CQuotient.locale;
                            
                            if(window.CQuotient.sendActivity)
                                window.CQuotient.sendActivity(CQuotient.clientId, 'viewCategory', cq_params);
                            else
                                window.CQuotient.activities.push({
                                    activityType: 'viewCategory',
                                    parameters: cq_params
                                });
                          }
                        } catch(err) {}
                        })();
                        /* ]]> */
                        // -->
                        </script>
                        <script type="text/javascript">//<!--
                        /* <![CDATA[ (viewCategoryProduct-active_data.js) */
                        (function(){
                        try {
                            if (dw.ac) {
                                var search_params = {};
                                search_params.persd = 'false';
                                search_params.refs = '[{\"name\":\"priceMin\",\"value\":\"0.01\"},{\"name\":\"priceMax\",\"value\":\"null\"},{\"name\":\"curr\",\"value\":\"EUR\"},{\"name\":\"Category\",\"value\":\"mercearias\"}]';
                                search_params.sort = 'FOOD_Mercearia';
                                search_params.imageUUID = '';
                                search_params.searchID = 'afeeff71-841d-471a-a4b6-1885a5ac2689';
                                search_params.locale = 'default';
                                search_params.queryLocale = 'default';
                                search_params.showProducts = 'true';
                                dw.ac.applyContext({category: "mercearias", searchData: search_params});
                                if (typeof dw.ac._scheduleDataSubmission === "function") {
                                    dw.ac._scheduleDataSubmission();
                                }
                            }
                        } catch(err) {}
                        })();
                        /* ]]> */
                        // -->
                        </script>
                        <script type="text/javascript">//<!--
                        /* <![CDATA[ (viewProduct-active_data.js) */
                        dw.ac._capture({id: "2767062", type: "searchhit"});
                        /* ]]> */
                        // -->
                        </script>
                        <div class="product" data-pid="2767062">
                        <div class="product-tile pid-2767062 ct-product-tile data-layer-pushed" data-delay-time="3000" data-variants-mapping="[]" data-in-cart-msg="no carrinho" data-one-product-added="Adicionado ao carrinho" data-remove-from-cart-msg="Removido do carrinho" data-stay-open="6000.0" data-product-tile-impression="{&quot;name&quot;:&quot;2767062&quot;,&quot;id&quot;:&quot;2767062&quot;,&quot;price&quot;:0.89,&quot;brand&quot;:&quot;Marnoto&quot;,&quot;category&quot;:[{&quot;category_level_1&quot;:&quot;Mercearia&quot;},{&quot;category_level_2&quot;:&quot;Molhos, Temperos e Sal&quot;},{&quot;category_level_3&quot;:&quot;Sal&quot;}],&quot;variant&quot;:&quot;&quot;}">
                        <div class="ct-inner-tile-wrap row no-gutters justify-content-center align-content-start">
                        
                        <div class="ct-image-container col-4 col-sm" data-confirmation-image="{&quot;url&quot;:&quot;https://www.continente.pt/dw/image/v2/BDVS_PRD/on/demandware.static/-/Sites-col-master-catalog/default/dw2ba32a54/images/col/276/2767062-frente.jpg?sw=87&amp;sh=80&quot;,&quot;fallbackimage&quot;:{&quot;url&quot;:&quot;https://www.continente.pt/dw/image/v2/BDVS_PRD/on/demandware.static/Sites-continente-Site/-/default/dw7c42b4da/images/noimagelarge_product.png?sw=87&amp;sh=80&quot;,&quot;title&quot;:&quot;Sal Marinho Tradicional&quot;,&quot;alt&quot;:&quot;Sal Marinho Tradicional&quot;},&quot;title&quot;:&quot;Sal Marinho Tradicional&quot;,&quot;alt&quot;:&quot;Sal Marinho Tradicional&quot;}">
                        <a href="https://www.continente.pt/produto/sal-marinho-tradicional-marnoto-2767062.html?cgid=mercearias">
                        <picture class="intrinsic intrinsic--square">
                        <img class="ct-tile-image lazyloaded" loading="lazy" onerror="this.onerror=null;this.src='/on/demandware.static/Sites-continente-Site/-/default/dw7c42b4da/images/noimagelarge_product.png';" data-src="https://www.continente.pt/dw/image/v2/BDVS_PRD/on/demandware.static/-/Sites-col-master-catalog/default/dw2ba32a54/images/col/276/2767062-frente.jpg?sw=280&amp;sh=280" alt="Sal Marinho Tradicional" title="Sal Marinho Tradicional" src="https://www.continente.pt/dw/image/v2/BDVS_PRD/on/demandware.static/-/Sites-col-master-catalog/default/dw2ba32a54/images/col/276/2767062-frente.jpg?sw=280&amp;sh=280">
                        </picture>
                        </a>
                        <div class="color-swatches d-flex" style="margin-left: 5px;">
                        <div class="swatches d-flex">
                        </div>
                        </div>
                        </div>
                        <div class="ct-tile-body col col-sm-auto ">
                        <div class="ct-pdp-details">
                        <div class="ct-pdp-link">
                        <a class="ct-tile--description" href="https://www.continente.pt/produto/sal-marinho-tradicional-marnoto-2767062.html?cgid=mercearias">Sal Marinho Tradicional</a>
                        <div class="ct-tile--favorite-top d-sm-none">
                        
                        <button class="wishlist-toggler guest-mode inactive button button--tertiary" data-pid="2767062" data-add-url="https://www.continente.pt/on/demandware.store/Sites-continente-Site/default/Wishlist-AddProduct?pid=2767062" data-toggle="tooltip" aria-label="Adicionar aos favoritos " data-original-title="Adicionar aos favoritos" data-placement="top">
                        <svg class="active-content" width="100%" height="100%" viewBox="0 0 20 22" fill="none" xmlns="http://www.w3.org/2000/svg">
                        <path fill-rule="evenodd" clip-rule="evenodd" d="M0 1.53052C0 0.685236 0.692171 0 1.54601 0H15.0736C15.9274 0 16.6196 0.685235 16.6196 1.53052V13.4064L15.8127 13.922L14.2658 14.2658L12.7189 13.4064L10.6054 14.3818C10.4994 14.2451 10.3327 14.157 10.1452 14.157H6.76329C6.4431 14.157 6.18354 14.414 6.18354 14.731C6.18354 15.0479 6.4431 15.3049 6.76329 15.3049H10.1452C10.2478 15.3049 10.3441 15.2785 10.4277 15.2322L10.3126 16.8439L13.2345 20.2793H1.54601C0.69217 20.2793 0 19.5941 0 18.7488V1.53052ZM6.18354 5.5483C6.18354 5.23132 6.4431 4.97436 6.76329 4.97436H12.3676C12.6878 4.97436 12.9473 5.23132 12.9473 5.5483C12.9473 5.86528 12.6878 6.12224 12.3676 6.12224H6.76329C6.4431 6.12224 6.18354 5.86528 6.18354 5.5483ZM6.76329 11.0961C6.4431 11.0961 6.18354 11.3531 6.18354 11.6701C6.18354 11.987 6.4431 12.244 6.76329 12.244H12.3676C12.6878 12.244 12.9473 11.987 12.9473 11.6701C12.9473 11.3531 12.6878 11.0961 12.3676 11.0961H6.76329ZM6.18354 8.60985C6.18354 8.29287 6.4431 8.03591 6.76329 8.03591H12.3676C12.6878 8.03591 12.9473 8.29287 12.9473 8.60985C12.9473 8.92684 12.6878 9.1838 12.3676 9.1838H6.76329C6.4431 9.1838 6.18354 8.92684 6.18354 8.60985ZM3.67118 5.5483C3.67118 5.23132 3.93075 4.97436 4.25093 4.97436H4.63743C4.95762 4.97436 5.21719 5.23132 5.21719 5.5483C5.21719 5.86528 4.95762 6.12224 4.63743 6.12224H4.25093C3.93075 6.12224 3.67118 5.86528 3.67118 5.5483ZM4.25093 11.0961C3.93075 11.0961 3.67118 11.3531 3.67118 11.6701C3.67118 11.987 3.93075 12.244 4.25093 12.244H4.63743C4.95762 12.244 5.21719 11.987 5.21719 11.6701C5.21719 11.3531 4.95762 11.0961 4.63743 11.0961H4.25093ZM3.67118 8.60985C3.67118 8.29287 3.93075 8.03591 4.25093 8.03591H4.63743C4.95762 8.03591 5.21719 8.29287 5.21719 8.60985C5.21719 8.92684 4.95762 9.1838 4.63743 9.1838H4.25093C3.93075 9.1838 3.67118 8.92684 3.67118 8.60985ZM4.25093 14.157C3.93075 14.157 3.67118 14.414 3.67118 14.731C3.67118 15.0479 3.93075 15.3049 4.25093 15.3049H4.63743C4.95762 15.3049 5.21719 15.0479 5.21719 14.731C5.21719 14.414 4.95762 14.157 4.63743 14.157H4.25093Z" fill="#EB0203"></path>
                        <path fill-rule="evenodd" clip-rule="evenodd" d="M14.6252 13.6363C13.4918 12.6215 11.7817 12.5264 10.6569 13.4792C9.12421 14.7764 9.34841 16.8912 10.4409 18.0122L14.0159 21.6742C14.2197 21.8832 14.4928 22 14.7822 22C15.0737 22 15.3448 21.8852 15.5486 21.6762L19.1236 18.0142C20.214 16.8933 20.4423 14.7785 18.9075 13.4792C17.7827 12.5283 16.0724 12.6217 14.9391 13.6365C14.8855 13.6845 14.8331 13.7345 14.7822 13.7866C14.7313 13.7345 14.6789 13.6843 14.6252 13.6363ZM18.1546 14.3522C19.0973 15.1508 18.9962 16.4896 18.2891 17.2173C18.2888 17.2175 18.2886 17.2177 18.2884 17.218L14.7832 20.8084L11.2753 17.2151C11.2752 17.215 11.2751 17.2149 11.2749 17.2148C10.5677 16.4887 10.4678 15.1495 11.4104 14.3518L11.4108 14.3514C12.0745 13.7892 13.2018 13.82 13.9488 14.5846L14.7822 15.4378L15.6157 14.5846C16.3617 13.8211 17.4896 13.79 18.1545 14.3521" fill="#EB0203"></path>
                        </svg>
                        <svg class="inactive-content" width="100%" height="100%" viewBox="0 0 20 23" fill="none" xmlns="http://www.w3.org/2000/svg">
                        <path fill-rule="evenodd" clip-rule="evenodd" d="M6.18408 5.77914C6.18408 5.46223 6.44363 5.20532 6.7638 5.20532H12.3678C12.6879 5.20532 12.9475 5.46223 12.9475 5.77914C12.9475 6.09606 12.6879 6.35297 12.3678 6.35297H6.7638C6.44363 6.35297 6.18408 6.09606 6.18408 5.77914Z" fill="#EB0203"></path>
                        <path fill-rule="evenodd" clip-rule="evenodd" d="M6.18408 11.9034C6.18408 11.5865 6.44363 11.3296 6.7638 11.3296H12.3678C12.6879 11.3296 12.9475 11.5865 12.9475 11.9034C12.9475 12.2202 12.6879 12.4771 12.3678 12.4771H6.7638C6.44363 12.4771 6.18408 12.2202 6.18408 11.9034Z" fill="#EB0203"></path>
                        <path fill-rule="evenodd" clip-rule="evenodd" d="M6.18408 8.84116C6.18408 8.52424 6.44363 8.26733 6.7638 8.26733H12.3678C12.6879 8.26733 12.9475 8.52424 12.9475 8.84116C12.9475 9.15807 12.6879 9.41498 12.3678 9.41498H6.7638C6.44363 9.41498 6.18408 9.15807 6.18408 8.84116Z" fill="#EB0203"></path>
                        <path fill-rule="evenodd" clip-rule="evenodd" d="M6.18408 14.9655C6.18408 14.6486 6.44363 14.3917 6.7638 14.3917H10.1455C10.4657 14.3917 10.7252 14.6486 10.7252 14.9655C10.7252 15.2825 10.4657 15.5394 10.1455 15.5394H6.7638C6.44363 15.5394 6.18408 15.2825 6.18408 14.9655Z" fill="#EB0203"></path>
                        <path fill-rule="evenodd" clip-rule="evenodd" d="M3.67139 5.77914C3.67139 5.46223 3.93094 5.20532 4.25111 5.20532H4.63759C4.95776 5.20532 5.21731 5.46223 5.21731 5.77914C5.21731 6.09606 4.95776 6.35297 4.63759 6.35297H4.25111C3.93094 6.35297 3.67139 6.09606 3.67139 5.77914Z" fill="#EB0203"></path>
                        <path fill-rule="evenodd" clip-rule="evenodd" d="M3.67139 11.9034C3.67139 11.5865 3.93094 11.3296 4.25111 11.3296H4.63759C4.95776 11.3296 5.21731 11.5865 5.21731 11.9034C5.21731 12.2202 4.95776 12.4771 4.63759 12.4771H4.25111C3.93094 12.4771 3.67139 12.2202 3.67139 11.9034Z" fill="#EB0203"></path>
                        <path fill-rule="evenodd" clip-rule="evenodd" d="M3.67139 8.84116C3.67139 8.52424 3.93094 8.26733 4.25111 8.26733H4.63759C4.95776 8.26733 5.21731 8.52424 5.21731 8.84116C5.21731 9.15807 4.95776 9.41498 4.63759 9.41498H4.25111C3.93094 9.41498 3.67139 9.15807 3.67139 8.84116Z" fill="#EB0203"></path>
                        <path fill-rule="evenodd" clip-rule="evenodd" d="M3.67139 14.9655C3.67139 14.6486 3.93094 14.3917 4.25111 14.3917H4.63759C4.95776 14.3917 5.21731 14.6486 5.21731 14.9655C5.21731 15.2825 4.95776 15.5394 4.63759 15.5394H4.25111C3.93094 15.5394 3.67139 15.2825 3.67139 14.9655Z" fill="#EB0203"></path>
                        <path fill-rule="evenodd" clip-rule="evenodd" d="M0 1.76033C0 0.914738 0.692131 0.229248 1.54592 0.229248H15.0727C15.9265 0.229248 16.6186 0.914738 16.6186 1.76033V11.2818C16.6186 11.5989 16.3591 11.8559 16.0389 11.8559C15.7187 11.8559 15.4592 11.5989 15.4592 11.2818V1.76033C15.4592 1.54893 15.2862 1.37756 15.0727 1.37756H1.54592C1.33247 1.37756 1.15944 1.54893 1.15944 1.76033V18.985C1.15944 19.1964 1.33247 19.3678 1.54592 19.3678H9.27551C9.59568 19.3678 9.85523 19.6249 9.85523 19.942C9.85523 20.2591 9.59568 20.5161 9.27551 20.5161H1.54592C0.692131 20.5161 0 19.8306 0 18.985V1.76033Z" fill="#EB0203"></path>
                        <path fill-rule="evenodd" clip-rule="evenodd" d="M14.6254 13.8718C13.4921 12.8567 11.7821 12.7615 10.6574 13.7147C9.12472 15.0124 9.34891 17.128 10.4413 18.2493L14.0161 21.9126C14.2199 22.1217 14.493 22.2386 14.7824 22.2386C15.0739 22.2386 15.3449 22.1238 15.5487 21.9147L19.1235 18.2514C20.2139 17.13 20.4422 15.0144 18.9075 13.7147C17.7827 12.7634 16.0726 12.8569 14.9392 13.872C14.8856 13.92 14.8333 13.9701 14.7824 14.0222C14.7314 13.97 14.6791 13.9199 14.6254 13.8718ZM18.1546 14.588C19.0972 15.3869 18.9961 16.7262 18.2891 17.4541C18.2888 17.4543 18.2886 17.4546 18.2884 17.4548L14.7834 21.0466L11.2757 17.452C11.2756 17.4519 11.2755 17.4517 11.2753 17.4516C10.5681 16.7252 10.4682 15.3856 11.4108 14.5876L11.4112 14.5872C12.0748 14.0248 13.202 14.0556 13.949 14.8205L14.7824 15.674L15.6158 14.8205C16.3618 14.0567 17.4896 14.0256 18.1545 14.5879" fill="#EB0203"></path>
                        </svg>
                        </button>
                        </div>
                        </div>
                        <p class="ct-tile--brand">Marnoto</p>
                        <p class="ct-tile--quantity">emb. 1 kg</p>
                        </div>
                        <div class="ct-tile-bottom row no-gutters justify-content-between">
                        <div class="ct-price-wrap col-8 col-sm-12">
                        <div class="price js-product-price">
                        <div class="prices-wrapper">
                        <span class="sales ct-tile--price-primary ">
                        <span class="value" content="0.89">
                        <span class="ct-price-formatted">
                        €0,89
                        </span>
                        <span class="ct-m-unit">
                        /un
                        </span>
                        </span>
                        </span>
                        </div>
                        <div class="ct-tile--price-secondary">
                        <span class="ct-price-value">
                        €0,89
                        </span>
                        <span class="ct-m-unit">
                        /kg
                        </span>
                        </div>
                        </div>
                        </div>
                        <div class="ct-tile-buy-section d-flex justify-content-center no-gutters col-auto col-sm-12">
                        <div class="col-2 d-sm-flex d-none">
                        <button class="wishlist-toggler guest-mode inactive button button--tertiary" data-pid="2767062" data-add-url="https://www.continente.pt/on/demandware.store/Sites-continente-Site/default/Wishlist-AddProduct?pid=2767062" data-toggle="tooltip" aria-label="Adicionar aos favoritos " data-original-title="Adicionar aos favoritos" data-placement="top">
                        <svg class="active-content" width="100%" height="100%" viewBox="0 0 20 22" fill="none" xmlns="http://www.w3.org/2000/svg">
                        <path fill-rule="evenodd" clip-rule="evenodd" d="M0 1.53052C0 0.685236 0.692171 0 1.54601 0H15.0736C15.9274 0 16.6196 0.685235 16.6196 1.53052V13.4064L15.8127 13.922L14.2658 14.2658L12.7189 13.4064L10.6054 14.3818C10.4994 14.2451 10.3327 14.157 10.1452 14.157H6.76329C6.4431 14.157 6.18354 14.414 6.18354 14.731C6.18354 15.0479 6.4431 15.3049 6.76329 15.3049H10.1452C10.2478 15.3049 10.3441 15.2785 10.4277 15.2322L10.3126 16.8439L13.2345 20.2793H1.54601C0.69217 20.2793 0 19.5941 0 18.7488V1.53052ZM6.18354 5.5483C6.18354 5.23132 6.4431 4.97436 6.76329 4.97436H12.3676C12.6878 4.97436 12.9473 5.23132 12.9473 5.5483C12.9473 5.86528 12.6878 6.12224 12.3676 6.12224H6.76329C6.4431 6.12224 6.18354 5.86528 6.18354 5.5483ZM6.76329 11.0961C6.4431 11.0961 6.18354 11.3531 6.18354 11.6701C6.18354 11.987 6.4431 12.244 6.76329 12.244H12.3676C12.6878 12.244 12.9473 11.987 12.9473 11.6701C12.9473 11.3531 12.6878 11.0961 12.3676 11.0961H6.76329ZM6.18354 8.60985C6.18354 8.29287 6.4431 8.03591 6.76329 8.03591H12.3676C12.6878 8.03591 12.9473 8.29287 12.9473 8.60985C12.9473 8.92684 12.6878 9.1838 12.3676 9.1838H6.76329C6.4431 9.1838 6.18354 8.92684 6.18354 8.60985ZM3.67118 5.5483C3.67118 5.23132 3.93075 4.97436 4.25093 4.97436H4.63743C4.95762 4.97436 5.21719 5.23132 5.21719 5.5483C5.21719 5.86528 4.95762 6.12224 4.63743 6.12224H4.25093C3.93075 6.12224 3.67118 5.86528 3.67118 5.5483ZM4.25093 11.0961C3.93075 11.0961 3.67118 11.3531 3.67118 11.6701C3.67118 11.987 3.93075 12.244 4.25093 12.244H4.63743C4.95762 12.244 5.21719 11.987 5.21719 11.6701C5.21719 11.3531 4.95762 11.0961 4.63743 11.0961H4.25093ZM3.67118 8.60985C3.67118 8.29287 3.93075 8.03591 4.25093 8.03591H4.63743C4.95762 8.03591 5.21719 8.29287 5.21719 8.60985C5.21719 8.92684 4.95762 9.1838 4.63743 9.1838H4.25093C3.93075 9.1838 3.67118 8.92684 3.67118 8.60985ZM4.25093 14.157C3.93075 14.157 3.67118 14.414 3.67118 14.731C3.67118 15.0479 3.93075 15.3049 4.25093 15.3049H4.63743C4.95762 15.3049 5.21719 15.0479 5.21719 14.731C5.21719 14.414 4.95762 14.157 4.63743 14.157H4.25093Z" fill="#EB0203"></path>
                        <path fill-rule="evenodd" clip-rule="evenodd" d="M14.6252 13.6363C13.4918 12.6215 11.7817 12.5264 10.6569 13.4792C9.12421 14.7764 9.34841 16.8912 10.4409 18.0122L14.0159 21.6742C14.2197 21.8832 14.4928 22 14.7822 22C15.0737 22 15.3448 21.8852 15.5486 21.6762L19.1236 18.0142C20.214 16.8933 20.4423 14.7785 18.9075 13.4792C17.7827 12.5283 16.0724 12.6217 14.9391 13.6365C14.8855 13.6845 14.8331 13.7345 14.7822 13.7866C14.7313 13.7345 14.6789 13.6843 14.6252 13.6363ZM18.1546 14.3522C19.0973 15.1508 18.9962 16.4896 18.2891 17.2173C18.2888 17.2175 18.2886 17.2177 18.2884 17.218L14.7832 20.8084L11.2753 17.2151C11.2752 17.215 11.2751 17.2149 11.2749 17.2148C10.5677 16.4887 10.4678 15.1495 11.4104 14.3518L11.4108 14.3514C12.0745 13.7892 13.2018 13.82 13.9488 14.5846L14.7822 15.4378L15.6157 14.5846C16.3617 13.8211 17.4896 13.79 18.1545 14.3521" fill="#EB0203"></path>
                        </svg>
                        <svg class="inactive-content" width="100%" height="100%" viewBox="0 0 20 23" fill="none" xmlns="http://www.w3.org/2000/svg">
                        <path fill-rule="evenodd" clip-rule="evenodd" d="M6.18408 5.77914C6.18408 5.46223 6.44363 5.20532 6.7638 5.20532H12.3678C12.6879 5.20532 12.9475 5.46223 12.9475 5.77914C12.9475 6.09606 12.6879 6.35297 12.3678 6.35297H6.7638C6.44363 6.35297 6.18408 6.09606 6.18408 5.77914Z" fill="#EB0203"></path>
                        <path fill-rule="evenodd" clip-rule="evenodd" d="M6.18408 11.9034C6.18408 11.5865 6.44363 11.3296 6.7638 11.3296H12.3678C12.6879 11.3296 12.9475 11.5865 12.9475 11.9034C12.9475 12.2202 12.6879 12.4771 12.3678 12.4771H6.7638C6.44363 12.4771 6.18408 12.2202 6.18408 11.9034Z" fill="#EB0203"></path>
                        <path fill-rule="evenodd" clip-rule="evenodd" d="M6.18408 8.84116C6.18408 8.52424 6.44363 8.26733 6.7638 8.26733H12.3678C12.6879 8.26733 12.9475 8.52424 12.9475 8.84116C12.9475 9.15807 12.6879 9.41498 12.3678 9.41498H6.7638C6.44363 9.41498 6.18408 9.15807 6.18408 8.84116Z" fill="#EB0203"></path>
                        <path fill-rule="evenodd" clip-rule="evenodd" d="M6.18408 14.9655C6.18408 14.6486 6.44363 14.3917 6.7638 14.3917H10.1455C10.4657 14.3917 10.7252 14.6486 10.7252 14.9655C10.7252 15.2825 10.4657 15.5394 10.1455 15.5394H6.7638C6.44363 15.5394 6.18408 15.2825 6.18408 14.9655Z" fill="#EB0203"></path>
                        <path fill-rule="evenodd" clip-rule="evenodd" d="M3.67139 5.77914C3.67139 5.46223 3.93094 5.20532 4.25111 5.20532H4.63759C4.95776 5.20532 5.21731 5.46223 5.21731 5.77914C5.21731 6.09606 4.95776 6.35297 4.63759 6.35297H4.25111C3.93094 6.35297 3.67139 6.09606 3.67139 5.77914Z" fill="#EB0203"></path>
                        <path fill-rule="evenodd" clip-rule="evenodd" d="M3.67139 11.9034C3.67139 11.5865 3.93094 11.3296 4.25111 11.3296H4.63759C4.95776 11.3296 5.21731 11.5865 5.21731 11.9034C5.21731 12.2202 4.95776 12.4771 4.63759 12.4771H4.25111C3.93094 12.4771 3.67139 12.2202 3.67139 11.9034Z" fill="#EB0203"></path>
                        <path fill-rule="evenodd" clip-rule="evenodd" d="M3.67139 8.84116C3.67139 8.52424 3.93094 8.26733 4.25111 8.26733H4.63759C4.95776 8.26733 5.21731 8.52424 5.21731 8.84116C5.21731 9.15807 4.95776 9.41498 4.63759 9.41498H4.25111C3.93094 9.41498 3.67139 9.15807 3.67139 8.84116Z" fill="#EB0203"></path>
                        <path fill-rule="evenodd" clip-rule="evenodd" d="M3.67139 14.9655C3.67139 14.6486 3.93094 14.3917 4.25111 14.3917H4.63759C4.95776 14.3917 5.21731 14.6486 5.21731 14.9655C5.21731 15.2825 4.95776 15.5394 4.63759 15.5394H4.25111C3.93094 15.5394 3.67139 15.2825 3.67139 14.9655Z" fill="#EB0203"></path>
                        <path fill-rule="evenodd" clip-rule="evenodd" d="M0 1.76033C0 0.914738 0.692131 0.229248 1.54592 0.229248H15.0727C15.9265 0.229248 16.6186 0.914738 16.6186 1.76033V11.2818C16.6186 11.5989 16.3591 11.8559 16.0389 11.8559C15.7187 11.8559 15.4592 11.5989 15.4592 11.2818V1.76033C15.4592 1.54893 15.2862 1.37756 15.0727 1.37756H1.54592C1.33247 1.37756 1.15944 1.54893 1.15944 1.76033V18.985C1.15944 19.1964 1.33247 19.3678 1.54592 19.3678H9.27551C9.59568 19.3678 9.85523 19.6249 9.85523 19.942C9.85523 20.2591 9.59568 20.5161 9.27551 20.5161H1.54592C0.692131 20.5161 0 19.8306 0 18.985V1.76033Z" fill="#EB0203"></path>
                        <path fill-rule="evenodd" clip-rule="evenodd" d="M14.6254 13.8718C13.4921 12.8567 11.7821 12.7615 10.6574 13.7147C9.12472 15.0124 9.34891 17.128 10.4413 18.2493L14.0161 21.9126C14.2199 22.1217 14.493 22.2386 14.7824 22.2386C15.0739 22.2386 15.3449 22.1238 15.5487 21.9147L19.1235 18.2514C20.2139 17.13 20.4422 15.0144 18.9075 13.7147C17.7827 12.7634 16.0726 12.8569 14.9392 13.872C14.8856 13.92 14.8333 13.9701 14.7824 14.0222C14.7314 13.97 14.6791 13.9199 14.6254 13.8718ZM18.1546 14.588C19.0972 15.3869 18.9961 16.7262 18.2891 17.4541C18.2888 17.4543 18.2886 17.4546 18.2884 17.4548L14.7834 21.0466L11.2757 17.452C11.2756 17.4519 11.2755 17.4517 11.2753 17.4516C10.5681 16.7252 10.4682 15.3856 11.4108 14.5876L11.4112 14.5872C12.0748 14.0248 13.202 14.0556 13.949 14.8205L14.7824 15.674L15.6158 14.8205C16.3618 14.0567 17.4896 14.0256 18.1545 14.5879" fill="#EB0203"></path>
                        </svg>
                        </button>
                        </div>
                        <div class="col-sm-10 col-12">
                        
                        <div class="ct-tile-quantity d-none" data-pid="2767062">
                        <input type="hidden" class="add-to-cart-url" value="https://www.continente.pt/on/demandware.store/Sites-continente-Site/default/Cart-AddProduct">
                        <div class="d-none tile-delete-confirmation-btn" data-pid="2767062" data-delay-time="3000" data-in-cart-msg="no carrinho" data-one-product-added="Adicionado ao carrinho" data-remove-from-cart-msg="Removido do carrinho" data-stay-open="6000.0" data-confirmation-image="{&quot;url&quot;:&quot;https://www.continente.pt/dw/image/v2/BDVS_PRD/on/demandware.static/-/Sites-col-master-catalog/default/dw2ba32a54/images/col/276/2767062-frente.jpg?sw=87&amp;sh=80&quot;,&quot;fallbackimage&quot;:{&quot;url&quot;:&quot;https://www.continente.pt/dw/image/v2/BDVS_PRD/on/demandware.static/Sites-continente-Site/-/default/dw7c42b4da/images/noimagelarge_product.png?sw=87&amp;sh=80&quot;,&quot;title&quot;:&quot;Sal Marinho Tradicional&quot;,&quot;alt&quot;:&quot;Sal Marinho Tradicional&quot;},&quot;title&quot;:&quot;Sal Marinho Tradicional&quot;,&quot;alt&quot;:&quot;Sal Marinho Tradicional&quot;}"></div>
                        <div class="ct-tile-quantity-update quantity-update product-qty-vue" data-remove-action="https://www.continente.pt/on/demandware.store/Sites-continente-Site/default/Cart-RemoveProductLineItem" data-action="https://www.continente.pt/on/demandware.store/Sites-continente-Site/default/Cart-UpdateQuantity" data-dimension-update="https://www.continente.pt/on/demandware.store/Sites-continente-Site/default/Cart-DimensionUpdate" data-pid="2767062" data-uuid="0631696e0b2c8d1b8759fe55e4" data-add-delay="500.0" data-measure-options="{&quot;hasConversionRate&quot;:false,&quot;hasAlternativeSaleUnit&quot;:false,&quot;unitConversionRate&quot;:0,&quot;minOrderQuantity&quot;:1,&quot;stepQuantity&quot;:1,&quot;primaryunit&quot;:&quot;un&quot;,&quot;secondaryunit&quot;:&quot;kg&quot;,&quot;selectedunit&quot;:&quot;primary&quot;,&quot;maxNumberOfUnitsPerSale&quot;:50}" data-price-available="null" :data-has-error="isMaxQtyReached || isMinQtyReached || qtySelectedMoreThanOne">
                        <template v-show="prodUnits">
                        <div class="quantity-input-wrapper has-units">
                        <label class="visually-hidden" :for="'quantity-' + pid + additionalTag">
                        Quantidade no carrinho
                        </label>
                        <input :ref="'quantityInput-' + pid + additionalTag" class="add-to-cart-quantity form-control ct-form-input text-center" inputmode="numeric" :class="{'is-invalid': isInvalid}" :data-pid="pid + additionalTag" :name="'quantity-' + pid + additionalTag" type="text" aria-label="Insira a quantidade" title="" v-model="displayValue" @change="updateQuantity" @focus="updateQtyFormat" @blur="restoreQtyFormat" :disabled="!isPriceAvailable">
                        <span class="quantity-icon quantity-icon--minus">
                        <button class="decrease-quantity-btn" @click="updateQuantity" :disabled="!isPriceAvailable" role="button" aria-label="Reduzir quantidade">
                        <i class="css-math-minus"></i>
                        </button>
                        </span>
                        <span class="quantity-icon quantity-icon--plus">
                        <button class="increase-quantity-btn" @click="updateQuantity" :disabled="isMaxQtyReached || !isPriceAvailable" role="button" aria-label="Aumentar quantidade">
                        <i class="css-math-plus"></i>
                        </button>
                        <span class="quantity-btn-disabled-placeholder"></span>
                        </span>
                        <template v-if="isPDP">
                        <span class="quantity-error ct-span-error text-sm-center product-max-allocation" v-if="isMaxQtyReached">
                        Quantidade máxima atingida
                        </span>
                        <span class="quantity-error ct-span-product text-sm-center product-allocation" v-if="!isMinQtyReached &amp;&amp; !isMaxQtyReached">
                        {{quantitySelected}} no carrinho
                        </span>
                        <span class="quantity-error ct-span-error text-sm-center product-min-allocation" :data-pid="pid" v-if="isMinQtyReached &amp;&amp; !isMaxQtyReached">
                        Quantidade mínima atingida
                        </span>
                        </template>
                        </div>
                        <template v-if="showNotes">
                        <div class="add-note-link-container ">
                        <div class="add-note">
                        <a href="/produto/sal-marinho-tradicional-marnoto-2767062.html?showNote=true" class="ct-add-note-redirect-pdp" aria-label="Adicionar comentário">
                        <span class="svg-wrapper svg-icon-notes" style="width:19px; height:20px">
                        <svg class="svg-inline icon-notes" viewBox="0 0 28 30" xmlns="http://www.w3.org/2000/svg" width="100%" height="100%"><path d="M21.738 0C22.985 0 24 1.04 24 2.319V12.47c0 .469-.37.848-.828.848-.457 0-.827-.38-.827-.848V2.32c0-.343-.273-.622-.607-.622H2.262c-.334 0-.607.279-.607.622V27.68c0 .343.273.622.607.622h7.81c.457 0 .827.38.827.849 0 .468-.37.848-.827.848h-7.81C1.015 30 0 28.96 0 27.681V2.32C0 1.04 1.015 0 2.262 0h19.476zm2.844 16.004l.227.007c.823.053 1.589.39 2.176.964.64.627.993 1.46.993 2.349 0 .888-.353 1.722-.993 2.348l-6.83 6.665c-.11.108-.247.186-.397.226l-5.032 1.363c-.078.021-.16.032-.241.032-.242 0-.478-.097-.647-.266-.23-.231-.314-.566-.218-.874l1.49-4.798c.044-.139.122-.266.227-.369l6.844-6.677c.64-.625 1.493-.97 2.401-.97zm-2.886 3.94l-4.922 4.802-.947 3.048 3.22-.872 4.897-4.78-2.248-2.197zm2.887-2.174c-.425 0-.824.162-1.124.455l-.484.472 2.248 2.197.484-.472c.62-.606.62-1.591 0-2.197l-.117-.104c-.283-.227-.636-.35-1.007-.35zm-10.839.022c.498 0 .904.396.904.883 0 .488-.406.884-.904.884H5.946c-.499 0-.904-.396-.904-.884 0-.487.405-.883.904-.883zm5.042-4.876c.498 0 .904.397.904.884s-.406.884-.904.884H5.946c-.499 0-.904-.397-.904-.884s.405-.884.904-.884zm0-4.875c.498 0 .904.396.904.884 0 .487-.406.883-.904.883H5.946c-.499 0-.904-.396-.904-.883 0-.488.405-.884.904-.884z" fill="#EB0203" fill-rule="evenodd"></path></svg>
                        </span>
                        <div class="available-note d-none"></div>
                        </a>
                        </div>
                        </div>
                        </template>
                        <div class="measurement-unit-section" v-if="isPriceAvailable &amp;&amp; prodUnits ? prodUnits.hasAlternativeUnit : false">
                        <div class="ct-form-radio" @click="setDimension">
                        <input type="radio" title="" class="ct-form-check-input product-measurement-unit" :data-type="prodUnits.selectedUnit == prodUnits.secondaryUnit ? 'primary' : ''" :id="prodUnits.secondaryUnit + '-' + pid + '-measurement-unit-ptile' + additionalTag" :name="'measurement-unit-' + pid + '-ptile' + additionalTag" :value="prodUnits.secondaryUnit" v-model="prodUnits.selectedUnit">
                        <label :class="prodUnits.secondaryUnit + '-label ct-form-check-label mb-0'" :for="prodUnits.secondaryUnit + '-' + pid + '-measurement-unit-ptile' + additionalTag">
                        {{prodUnits.secondaryUnit}}
                        </label>
                        <span class="checkmark"></span>
                        </div>
                        <div class="ct-form-radio" @click="setDimension">
                        <input type="radio" title="" class="ct-form-check-input product-measurement-unit" :data-type="prodUnits.selectedUnit == prodUnits.primaryUnit ? 'primary' : ''" :id="prodUnits.primaryUnit + '-' + pid + '-measurement-unit-ptile' + additionalTag" :name="'measurement-unit-' + pid + '-ptile' + additionalTag" :value="prodUnits.primaryUnit" v-model="prodUnits.selectedUnit">
                        <label :class="prodUnits.primaryUnit + '-label ct-form-check-label mb-0'" :for="prodUnits.primaryUnit + '-' + pid + '-measurement-unit-ptile' + additionalTag">
                        {{prodUnits.primaryUnit}}
                        </label>
                        <span class="checkmark"></span>
                        </div>
                        </div>
                        <template v-if="!isPDP &amp;&amp; isPriceAvailable">
                        <span class="quantity-error ct-span-error product-max-allocation" v-if="isMaxQtyReached">
                        Quantidade máxima atingida
                        </span>
                        <span class="quantity-error ct-span-product product-allocation" v-if="!isMinQtyReached &amp;&amp; !isMaxQtyReached">
                        {{quantitySelected}} no carrinho
                        </span>
                        <span class="quantity-error ct-span-error product-min-allocation" :data-pid="pid" v-if="isMinQtyReached &amp;&amp; !isMaxQtyReached">
                        Quantidade mínima atingida
                        </span>
                        </template>
                        </template>
                        </div>
                        <input class="quantity-value-mask d-none" name="quantity" type="number" min="0" value="">
                        </div>
                        <button type="button" class="add-to-cart button js-add-to-cart js-add-to-cart-tile 2767062 button--primary dynamic-layout-btn" data-toggle="modal" data-target="#chooseBonusProductModal" data-pid="2767062" data-quantity-value="null" aria-label="Carrinho">
                        <span class="d-block d-sm-none">
                        <span class="svg-wrapper svg-icon-cart" style="width:20px; height:20px">
                        <svg class="svg-inline icon-cart" xmlns="http://www.w3.org/2000/svg" viewBox="0 0 500 500" width="100%" height="100%"><path fill="#EB0203" fill-rule="evenodd" d="M 485.67317,94.386311 C 476.37798,83.847129 463.09468,78.03348 448.30404,78.03348 H 90.690813 L 87.079511,51.327997 C 83.185582,22.539551 62.962285,0 41.011841,0 H 14.727836 C 6.563151,0 0,6.5286975 0,14.580758 c 0,8.05206 6.5945535,14.580758 14.727836,14.580758 h 26.284005 c 4.710398,0 14.696435,9.855222 16.894619,26.021523 L 100.01739,368.0631 c 1.88416,13.77244 9.01256,26.70549 20.1605,36.37417 8.25889,7.15046 18.02511,11.9071 28.26237,13.89679 -4.17655,7.58572 -6.53175,16.25957 -6.53175,25.493 0,29.53459 24.27424,53.59751 54.13815,53.59751 29.8325,0 54.13814,-24.03184 54.13814,-53.59751 0,-8.79818 -2.19818,-17.09897 -5.9979,-24.43598 h 77.12488 c -3.79973,7.33701 -5.96652,15.6378 -5.96652,24.43598 0,29.53459 24.27424,53.59751 54.13817,53.59751 29.83249,0 54.13814,-24.03184 54.13814,-53.59751 0,-8.79818 -2.1982,-17.09897 -5.9979,-24.43598 h 38.56243 c 8.13328,0 14.72783,-6.5287 14.72783,-14.61183 0,-8.02098 -6.59455,-14.54967 -14.72783,-14.54967 H 159.24277 c -14.38241,0 -28.13677,-11.90711 -30.02092,-26.02153 l -3.07746,-22.88154 h 290.6314 c 14.03698,0 27.94834,-5.28513 39.06488,-14.95381 11.11652,-9.6376 18.27632,-22.57065 20.16048,-36.37417 l 21.10259,-156.78201 c 1.94694,-14.51858 -2.10398,-28.29103 -11.43057,-38.861299 z M 220.76053,443.82706 c 0,13.49265 -11.08513,24.46709 -24.68247,24.46709 -13.62874,0 -24.71387,-10.97444 -24.71387,-24.46709 0,-13.49262 11.08513,-24.43598 24.71387,-24.43598 13.59734,0 24.68247,10.94336 24.68247,24.43598 z m 173.43675,0 c 0,13.49265 -11.08512,24.46709 -24.68245,24.46709 -13.62876,0 -24.71388,-10.97444 -24.71388,-24.46709 0,-13.49262 11.08512,-24.43598 24.71388,-24.43598 13.59733,0 24.68245,10.94336 24.68245,24.43598 z m 73.7648,-314.46558 -21.13397,156.782 c -1.88416,14.11442 -15.63851,26.05261 -30.02091,26.05261 H 122.25046 L 94.616142,107.19499 H 448.33544 c 6.18632,0 11.61896,2.2695 15.23028,6.37326 3.64269,4.13484 5.21283,9.73086 4.39636,15.79323 z"></path></svg>
                        </span>
                        </span>
                        <span class="add-to-cart--text d-none d-sm-block">Carrinho</span>
                        </button>
                        </div>
                        </div>
                        </div>
                        </div>
                        
                        <div class="col-12 d-sm-none">
                        </div>
                        </div>
                        </div>
                        </div>
                        </div>
                        <div class="col-12 col-sm-3 col-lg-2 productTile" data-idx="9">
                        
                        <script type="text/javascript">//<!--
                        /* <![CDATA[ */
                        (function(){
                        try {
                            if(window.CQuotient) {
                            var cq_params = {};
                            
                            cq_params.cookieId = window.CQuotient.getCQCookieId();
                            cq_params.userId = window.CQuotient.getCQUserId();
                            cq_params.emailId = CQuotient.getCQHashedEmail();
                            cq_params.loginId = CQuotient.getCQHashedLogin();
                            cq_params.accumulate = true;
                            cq_params.products = [{
                                id: '2422496',
                                sku: ''
                            }];
                            cq_params.categoryId = 'mercearias';
                            cq_params.refinements = '[{\"name\":\"priceMin\",\"value\":\"0.01\"},{\"name\":\"priceMax\",\"value\":\"null\"},{\"name\":\"curr\",\"value\":\"EUR\"},{\"name\":\"Category\",\"value\":\"mercearias\"}]';
                            cq_params.personalized = 'false';
                            cq_params.sortingRule = 'FOOD_Mercearia';
                            cq_params.imageUUID = '__UNDEFINED__';
                            cq_params.realm = "BDVS";
                            cq_params.siteId = "continente";
                            cq_params.instanceType = "prd";
                            cq_params.queryLocale = "default";
                            cq_params.locale = window.CQuotient.locale;
                            
                            if(window.CQuotient.sendActivity)
                                window.CQuotient.sendActivity(CQuotient.clientId, 'viewCategory', cq_params);
                            else
                                window.CQuotient.activities.push({
                                    activityType: 'viewCategory',
                                    parameters: cq_params
                                });
                          }
                        } catch(err) {}
                        })();
                        /* ]]> */
                        // -->
                        </script>
                        <script type="text/javascript">//<!--
                        /* <![CDATA[ (viewCategoryProduct-active_data.js) */
                        (function(){
                        try {
                            if (dw.ac) {
                                var search_params = {};
                                search_params.persd = 'false';
                                search_params.refs = '[{\"name\":\"priceMin\",\"value\":\"0.01\"},{\"name\":\"priceMax\",\"value\":\"null\"},{\"name\":\"curr\",\"value\":\"EUR\"},{\"name\":\"Category\",\"value\":\"mercearias\"}]';
                                search_params.sort = 'FOOD_Mercearia';
                                search_params.imageUUID = '';
                                search_params.searchID = 'afeeff71-841d-471a-a4b6-1885a5ac2689';
                                search_params.locale = 'default';
                                search_params.queryLocale = 'default';
                                search_params.showProducts = 'true';
                                dw.ac.applyContext({category: "mercearias", searchData: search_params});
                                if (typeof dw.ac._scheduleDataSubmission === "function") {
                                    dw.ac._scheduleDataSubmission();
                                }
                            }
                        } catch(err) {}
                        })();
                        /* ]]> */
                        // -->
                        </script>
                        <script type="text/javascript">//<!--
                        /* <![CDATA[ (viewProduct-active_data.js) */
                        dw.ac._capture({id: "2422496", type: "searchhit"});
                        /* ]]> */
                        // -->
                        </script>
                        <div class="product" data-pid="2422496">
                        <div class="product-tile pid-2422496 ct-product-tile data-layer-pushed" data-delay-time="3000" data-variants-mapping="[]" data-in-cart-msg="no carrinho" data-one-product-added="Adicionado ao carrinho" data-remove-from-cart-msg="Removido do carrinho" data-stay-open="6000.0" data-product-tile-impression="{&quot;name&quot;:&quot;2422496&quot;,&quot;id&quot;:&quot;2422496&quot;,&quot;price&quot;:5.99,&quot;brand&quot;:&quot;Herdade do Esporão&quot;,&quot;category&quot;:[{&quot;category_level_1&quot;:&quot;Mercearia&quot;},{&quot;category_level_2&quot;:&quot;Azeite, Óleo e Vinagre&quot;},{&quot;category_level_3&quot;:&quot;Azeite&quot;}],&quot;variant&quot;:&quot;&quot;}">
                        <div class="ct-inner-tile-wrap row no-gutters justify-content-center align-content-start">
                        <div class="ct-product-tile-badge ct-product-tile-badge--promotional">
                        <img class="img-fluid lazyloaded" loading="lazy" data-src="https://www.continente.pt/dw/image/v2/BDVS_PRD/on/demandware.static/-/Sites-continente-Library/default/dwf5980f2e/images/badges/pvpr/col/pvpr.png?sw=60&amp;sh=42" alt="PVP Recomendado: €7,59/un" title="PVP Recomendado: €7,59/un" src="https://www.continente.pt/dw/image/v2/BDVS_PRD/on/demandware.static/-/Sites-continente-Library/default/dwf5980f2e/images/badges/pvpr/col/pvpr.png?sw=60&amp;sh=42">
                        <div class="ct-product-tile-badge-value-wrapper ct-product-tile-badge-value-wrapper--pvpr  ">
                        <div class="ct-product-tile-badge-addition d-flex flex-column align-self-center text-center">
                        <span class="ct-product-tile-badge-addition--sign">
                        +
                        </span>
                        <span class="ct-product-tile-badge-addition--text">
                        DE
                        </span>
                        </div>
                        <span class="ct-product-tile-badge-value--pvpr">
                        20
                        </span>
                        <span class="ct-product-tile-badge-value--pvpr-quantifier ">
                        %
                        </span>
                        </div>
                        </div>
                        
                        <div class="ct-image-container col-4 col-sm" data-confirmation-image="{&quot;url&quot;:&quot;https://www.continente.pt/dw/image/v2/BDVS_PRD/on/demandware.static/-/Sites-col-master-catalog/default/dw17651dbf/images/col/242/2422496-frente.jpg?sw=87&amp;sh=80&quot;,&quot;fallbackimage&quot;:{&quot;url&quot;:&quot;https://www.continente.pt/dw/image/v2/BDVS_PRD/on/demandware.static/Sites-continente-Site/-/default/dw7c42b4da/images/noimagelarge_product.png?sw=87&amp;sh=80&quot;,&quot;title&quot;:&quot;Azeite Virgem Extra&quot;,&quot;alt&quot;:&quot;Azeite Virgem Extra&quot;},&quot;title&quot;:&quot;Azeite Virgem Extra&quot;,&quot;alt&quot;:&quot;Azeite Virgem Extra&quot;}">
                        <a href="https://www.continente.pt/produto/azeite-virgem-extra-herdade-do-esporao-2422496.html?cgid=mercearias">
                        <picture class="intrinsic intrinsic--square">
                        <img class="ct-tile-image lazyloaded" loading="lazy" onerror="this.onerror=null;this.src='/on/demandware.static/Sites-continente-Site/-/default/dw7c42b4da/images/noimagelarge_product.png';" data-src="https://www.continente.pt/dw/image/v2/BDVS_PRD/on/demandware.static/-/Sites-col-master-catalog/default/dw17651dbf/images/col/242/2422496-frente.jpg?sw=280&amp;sh=280" alt="Azeite Virgem Extra" title="Azeite Virgem Extra" src="https://www.continente.pt/dw/image/v2/BDVS_PRD/on/demandware.static/-/Sites-col-master-catalog/default/dw17651dbf/images/col/242/2422496-frente.jpg?sw=280&amp;sh=280">
                        </picture>
                        </a>
                        <div class="color-swatches d-flex" style="margin-left: 5px;">
                        <div class="swatches d-flex">
                        </div>
                        </div>
                        </div>
                        <div class="ct-tile-body col col-sm-auto ">
                        <div class="ct-pdp-details">
                        <div class="ct-pdp-link">
                        <a class="ct-tile--description" href="https://www.continente.pt/produto/azeite-virgem-extra-herdade-do-esporao-2422496.html?cgid=mercearias">Azeite Virgem Extra</a>
                        <div class="ct-tile--favorite-top d-sm-none">
                        <button class="wishlist-toggler guest-mode inactive button button--tertiary" data-pid="2422496" data-add-url="https://www.continente.pt/on/demandware.store/Sites-continente-Site/default/Wishlist-AddProduct?pid=2422496" data-toggle="tooltip" aria-label="Adicionar aos favoritos " data-original-title="Adicionar aos favoritos" data-placement="top">
                        <svg class="active-content" width="100%" height="100%" viewBox="0 0 20 22" fill="none" xmlns="http://www.w3.org/2000/svg">
                        <path fill-rule="evenodd" clip-rule="evenodd" d="M0 1.53052C0 0.685236 0.692171 0 1.54601 0H15.0736C15.9274 0 16.6196 0.685235 16.6196 1.53052V13.4064L15.8127 13.922L14.2658 14.2658L12.7189 13.4064L10.6054 14.3818C10.4994 14.2451 10.3327 14.157 10.1452 14.157H6.76329C6.4431 14.157 6.18354 14.414 6.18354 14.731C6.18354 15.0479 6.4431 15.3049 6.76329 15.3049H10.1452C10.2478 15.3049 10.3441 15.2785 10.4277 15.2322L10.3126 16.8439L13.2345 20.2793H1.54601C0.69217 20.2793 0 19.5941 0 18.7488V1.53052ZM6.18354 5.5483C6.18354 5.23132 6.4431 4.97436 6.76329 4.97436H12.3676C12.6878 4.97436 12.9473 5.23132 12.9473 5.5483C12.9473 5.86528 12.6878 6.12224 12.3676 6.12224H6.76329C6.4431 6.12224 6.18354 5.86528 6.18354 5.5483ZM6.76329 11.0961C6.4431 11.0961 6.18354 11.3531 6.18354 11.6701C6.18354 11.987 6.4431 12.244 6.76329 12.244H12.3676C12.6878 12.244 12.9473 11.987 12.9473 11.6701C12.9473 11.3531 12.6878 11.0961 12.3676 11.0961H6.76329ZM6.18354 8.60985C6.18354 8.29287 6.4431 8.03591 6.76329 8.03591H12.3676C12.6878 8.03591 12.9473 8.29287 12.9473 8.60985C12.9473 8.92684 12.6878 9.1838 12.3676 9.1838H6.76329C6.4431 9.1838 6.18354 8.92684 6.18354 8.60985ZM3.67118 5.5483C3.67118 5.23132 3.93075 4.97436 4.25093 4.97436H4.63743C4.95762 4.97436 5.21719 5.23132 5.21719 5.5483C5.21719 5.86528 4.95762 6.12224 4.63743 6.12224H4.25093C3.93075 6.12224 3.67118 5.86528 3.67118 5.5483ZM4.25093 11.0961C3.93075 11.0961 3.67118 11.3531 3.67118 11.6701C3.67118 11.987 3.93075 12.244 4.25093 12.244H4.63743C4.95762 12.244 5.21719 11.987 5.21719 11.6701C5.21719 11.3531 4.95762 11.0961 4.63743 11.0961H4.25093ZM3.67118 8.60985C3.67118 8.29287 3.93075 8.03591 4.25093 8.03591H4.63743C4.95762 8.03591 5.21719 8.29287 5.21719 8.60985C5.21719 8.92684 4.95762 9.1838 4.63743 9.1838H4.25093C3.93075 9.1838 3.67118 8.92684 3.67118 8.60985ZM4.25093 14.157C3.93075 14.157 3.67118 14.414 3.67118 14.731C3.67118 15.0479 3.93075 15.3049 4.25093 15.3049H4.63743C4.95762 15.3049 5.21719 15.0479 5.21719 14.731C5.21719 14.414 4.95762 14.157 4.63743 14.157H4.25093Z" fill="#EB0203"></path>
                        <path fill-rule="evenodd" clip-rule="evenodd" d="M14.6252 13.6363C13.4918 12.6215 11.7817 12.5264 10.6569 13.4792C9.12421 14.7764 9.34841 16.8912 10.4409 18.0122L14.0159 21.6742C14.2197 21.8832 14.4928 22 14.7822 22C15.0737 22 15.3448 21.8852 15.5486 21.6762L19.1236 18.0142C20.214 16.8933 20.4423 14.7785 18.9075 13.4792C17.7827 12.5283 16.0724 12.6217 14.9391 13.6365C14.8855 13.6845 14.8331 13.7345 14.7822 13.7866C14.7313 13.7345 14.6789 13.6843 14.6252 13.6363ZM18.1546 14.3522C19.0973 15.1508 18.9962 16.4896 18.2891 17.2173C18.2888 17.2175 18.2886 17.2177 18.2884 17.218L14.7832 20.8084L11.2753 17.2151C11.2752 17.215 11.2751 17.2149 11.2749 17.2148C10.5677 16.4887 10.4678 15.1495 11.4104 14.3518L11.4108 14.3514C12.0745 13.7892 13.2018 13.82 13.9488 14.5846L14.7822 15.4378L15.6157 14.5846C16.3617 13.8211 17.4896 13.79 18.1545 14.3521" fill="#EB0203"></path>
                        </svg>
                        <svg class="inactive-content" width="100%" height="100%" viewBox="0 0 20 23" fill="none" xmlns="http://www.w3.org/2000/svg">
                        <path fill-rule="evenodd" clip-rule="evenodd" d="M6.18408 5.77914C6.18408 5.46223 6.44363 5.20532 6.7638 5.20532H12.3678C12.6879 5.20532 12.9475 5.46223 12.9475 5.77914C12.9475 6.09606 12.6879 6.35297 12.3678 6.35297H6.7638C6.44363 6.35297 6.18408 6.09606 6.18408 5.77914Z" fill="#EB0203"></path>
                        <path fill-rule="evenodd" clip-rule="evenodd" d="M6.18408 11.9034C6.18408 11.5865 6.44363 11.3296 6.7638 11.3296H12.3678C12.6879 11.3296 12.9475 11.5865 12.9475 11.9034C12.9475 12.2202 12.6879 12.4771 12.3678 12.4771H6.7638C6.44363 12.4771 6.18408 12.2202 6.18408 11.9034Z" fill="#EB0203"></path>
                        <path fill-rule="evenodd" clip-rule="evenodd" d="M6.18408 8.84116C6.18408 8.52424 6.44363 8.26733 6.7638 8.26733H12.3678C12.6879 8.26733 12.9475 8.52424 12.9475 8.84116C12.9475 9.15807 12.6879 9.41498 12.3678 9.41498H6.7638C6.44363 9.41498 6.18408 9.15807 6.18408 8.84116Z" fill="#EB0203"></path>
                        <path fill-rule="evenodd" clip-rule="evenodd" d="M6.18408 14.9655C6.18408 14.6486 6.44363 14.3917 6.7638 14.3917H10.1455C10.4657 14.3917 10.7252 14.6486 10.7252 14.9655C10.7252 15.2825 10.4657 15.5394 10.1455 15.5394H6.7638C6.44363 15.5394 6.18408 15.2825 6.18408 14.9655Z" fill="#EB0203"></path>
                        <path fill-rule="evenodd" clip-rule="evenodd" d="M3.67139 5.77914C3.67139 5.46223 3.93094 5.20532 4.25111 5.20532H4.63759C4.95776 5.20532 5.21731 5.46223 5.21731 5.77914C5.21731 6.09606 4.95776 6.35297 4.63759 6.35297H4.25111C3.93094 6.35297 3.67139 6.09606 3.67139 5.77914Z" fill="#EB0203"></path>
                        <path fill-rule="evenodd" clip-rule="evenodd" d="M3.67139 11.9034C3.67139 11.5865 3.93094 11.3296 4.25111 11.3296H4.63759C4.95776 11.3296 5.21731 11.5865 5.21731 11.9034C5.21731 12.2202 4.95776 12.4771 4.63759 12.4771H4.25111C3.93094 12.4771 3.67139 12.2202 3.67139 11.9034Z" fill="#EB0203"></path>
                        <path fill-rule="evenodd" clip-rule="evenodd" d="M3.67139 8.84116C3.67139 8.52424 3.93094 8.26733 4.25111 8.26733H4.63759C4.95776 8.26733 5.21731 8.52424 5.21731 8.84116C5.21731 9.15807 4.95776 9.41498 4.63759 9.41498H4.25111C3.93094 9.41498 3.67139 9.15807 3.67139 8.84116Z" fill="#EB0203"></path>
                        <path fill-rule="evenodd" clip-rule="evenodd" d="M3.67139 14.9655C3.67139 14.6486 3.93094 14.3917 4.25111 14.3917H4.63759C4.95776 14.3917 5.21731 14.6486 5.21731 14.9655C5.21731 15.2825 4.95776 15.5394 4.63759 15.5394H4.25111C3.93094 15.5394 3.67139 15.2825 3.67139 14.9655Z" fill="#EB0203"></path>
                        <path fill-rule="evenodd" clip-rule="evenodd" d="M0 1.76033C0 0.914738 0.692131 0.229248 1.54592 0.229248H15.0727C15.9265 0.229248 16.6186 0.914738 16.6186 1.76033V11.2818C16.6186 11.5989 16.3591 11.8559 16.0389 11.8559C15.7187 11.8559 15.4592 11.5989 15.4592 11.2818V1.76033C15.4592 1.54893 15.2862 1.37756 15.0727 1.37756H1.54592C1.33247 1.37756 1.15944 1.54893 1.15944 1.76033V18.985C1.15944 19.1964 1.33247 19.3678 1.54592 19.3678H9.27551C9.59568 19.3678 9.85523 19.6249 9.85523 19.942C9.85523 20.2591 9.59568 20.5161 9.27551 20.5161H1.54592C0.692131 20.5161 0 19.8306 0 18.985V1.76033Z" fill="#EB0203"></path>
                        <path fill-rule="evenodd" clip-rule="evenodd" d="M14.6254 13.8718C13.4921 12.8567 11.7821 12.7615 10.6574 13.7147C9.12472 15.0124 9.34891 17.128 10.4413 18.2493L14.0161 21.9126C14.2199 22.1217 14.493 22.2386 14.7824 22.2386C15.0739 22.2386 15.3449 22.1238 15.5487 21.9147L19.1235 18.2514C20.2139 17.13 20.4422 15.0144 18.9075 13.7147C17.7827 12.7634 16.0726 12.8569 14.9392 13.872C14.8856 13.92 14.8333 13.9701 14.7824 14.0222C14.7314 13.97 14.6791 13.9199 14.6254 13.8718ZM18.1546 14.588C19.0972 15.3869 18.9961 16.7262 18.2891 17.4541C18.2888 17.4543 18.2886 17.4546 18.2884 17.4548L14.7834 21.0466L11.2757 17.452C11.2756 17.4519 11.2755 17.4517 11.2753 17.4516C10.5681 16.7252 10.4682 15.3856 11.4108 14.5876L11.4112 14.5872C12.0748 14.0248 13.202 14.0556 13.949 14.8205L14.7824 15.674L15.6158 14.8205C16.3618 14.0567 17.4896 14.0256 18.1545 14.5879" fill="#EB0203"></path>
                        </svg>
                        </button>
                        </div>
                        </div>
                        <p class="ct-tile--brand">Herdade do Esporão</p>
                        <p class="ct-tile--quantity">emb. 75 cl</p>
                        </div>
                        <div class="ct-tile-bottom row no-gutters justify-content-between">
                        <div class="ct-price-wrap col-8 col-sm-12">
                        <div class="price js-product-price">
                        <div class="prices-wrapper">
                        
                        <span class="sales ct-tile--price-primary ">
                        <span class="value" content="5.99">
                        <span class="ct-price-formatted">
                        €5,99
                        </span>
                        <span class="ct-m-unit">
                        /un
                        </span>
                        </span>
                        </span>
                        </div>
                        <div class="ct-tile--price-secondary">
                        <span class="ct-price-value">
                        €7,99
                        </span>
                        <span class="ct-m-unit">
                        /lt
                        </span>
                        </div>
                        <p class="ct-discount-amount ct-discount-amount-pvpr">PVP Recomendado: €7,59/un</p>
                        </div>
                        </div>
                        <div class="ct-tile-buy-section d-flex justify-content-center no-gutters col-auto col-sm-12">
                        <div class="col-2 d-sm-flex d-none">
                        <button class="wishlist-toggler guest-mode inactive button button--tertiary" data-pid="2422496" data-add-url="https://www.continente.pt/on/demandware.store/Sites-continente-Site/default/Wishlist-AddProduct?pid=2422496" data-toggle="tooltip" aria-label="Adicionar aos favoritos " data-original-title="Adicionar aos favoritos" data-placement="top">
                        <svg class="active-content" width="100%" height="100%" viewBox="0 0 20 22" fill="none" xmlns="http://www.w3.org/2000/svg">
                        <path fill-rule="evenodd" clip-rule="evenodd" d="M0 1.53052C0 0.685236 0.692171 0 1.54601 0H15.0736C15.9274 0 16.6196 0.685235 16.6196 1.53052V13.4064L15.8127 13.922L14.2658 14.2658L12.7189 13.4064L10.6054 14.3818C10.4994 14.2451 10.3327 14.157 10.1452 14.157H6.76329C6.4431 14.157 6.18354 14.414 6.18354 14.731C6.18354 15.0479 6.4431 15.3049 6.76329 15.3049H10.1452C10.2478 15.3049 10.3441 15.2785 10.4277 15.2322L10.3126 16.8439L13.2345 20.2793H1.54601C0.69217 20.2793 0 19.5941 0 18.7488V1.53052ZM6.18354 5.5483C6.18354 5.23132 6.4431 4.97436 6.76329 4.97436H12.3676C12.6878 4.97436 12.9473 5.23132 12.9473 5.5483C12.9473 5.86528 12.6878 6.12224 12.3676 6.12224H6.76329C6.4431 6.12224 6.18354 5.86528 6.18354 5.5483ZM6.76329 11.0961C6.4431 11.0961 6.18354 11.3531 6.18354 11.6701C6.18354 11.987 6.4431 12.244 6.76329 12.244H12.3676C12.6878 12.244 12.9473 11.987 12.9473 11.6701C12.9473 11.3531 12.6878 11.0961 12.3676 11.0961H6.76329ZM6.18354 8.60985C6.18354 8.29287 6.4431 8.03591 6.76329 8.03591H12.3676C12.6878 8.03591 12.9473 8.29287 12.9473 8.60985C12.9473 8.92684 12.6878 9.1838 12.3676 9.1838H6.76329C6.4431 9.1838 6.18354 8.92684 6.18354 8.60985ZM3.67118 5.5483C3.67118 5.23132 3.93075 4.97436 4.25093 4.97436H4.63743C4.95762 4.97436 5.21719 5.23132 5.21719 5.5483C5.21719 5.86528 4.95762 6.12224 4.63743 6.12224H4.25093C3.93075 6.12224 3.67118 5.86528 3.67118 5.5483ZM4.25093 11.0961C3.93075 11.0961 3.67118 11.3531 3.67118 11.6701C3.67118 11.987 3.93075 12.244 4.25093 12.244H4.63743C4.95762 12.244 5.21719 11.987 5.21719 11.6701C5.21719 11.3531 4.95762 11.0961 4.63743 11.0961H4.25093ZM3.67118 8.60985C3.67118 8.29287 3.93075 8.03591 4.25093 8.03591H4.63743C4.95762 8.03591 5.21719 8.29287 5.21719 8.60985C5.21719 8.92684 4.95762 9.1838 4.63743 9.1838H4.25093C3.93075 9.1838 3.67118 8.92684 3.67118 8.60985ZM4.25093 14.157C3.93075 14.157 3.67118 14.414 3.67118 14.731C3.67118 15.0479 3.93075 15.3049 4.25093 15.3049H4.63743C4.95762 15.3049 5.21719 15.0479 5.21719 14.731C5.21719 14.414 4.95762 14.157 4.63743 14.157H4.25093Z" fill="#EB0203"></path>
                        <path fill-rule="evenodd" clip-rule="evenodd" d="M14.6252 13.6363C13.4918 12.6215 11.7817 12.5264 10.6569 13.4792C9.12421 14.7764 9.34841 16.8912 10.4409 18.0122L14.0159 21.6742C14.2197 21.8832 14.4928 22 14.7822 22C15.0737 22 15.3448 21.8852 15.5486 21.6762L19.1236 18.0142C20.214 16.8933 20.4423 14.7785 18.9075 13.4792C17.7827 12.5283 16.0724 12.6217 14.9391 13.6365C14.8855 13.6845 14.8331 13.7345 14.7822 13.7866C14.7313 13.7345 14.6789 13.6843 14.6252 13.6363ZM18.1546 14.3522C19.0973 15.1508 18.9962 16.4896 18.2891 17.2173C18.2888 17.2175 18.2886 17.2177 18.2884 17.218L14.7832 20.8084L11.2753 17.2151C11.2752 17.215 11.2751 17.2149 11.2749 17.2148C10.5677 16.4887 10.4678 15.1495 11.4104 14.3518L11.4108 14.3514C12.0745 13.7892 13.2018 13.82 13.9488 14.5846L14.7822 15.4378L15.6157 14.5846C16.3617 13.8211 17.4896 13.79 18.1545 14.3521" fill="#EB0203"></path>
                        </svg>
                        <svg class="inactive-content" width="100%" height="100%" viewBox="0 0 20 23" fill="none" xmlns="http://www.w3.org/2000/svg">
                        <path fill-rule="evenodd" clip-rule="evenodd" d="M6.18408 5.77914C6.18408 5.46223 6.44363 5.20532 6.7638 5.20532H12.3678C12.6879 5.20532 12.9475 5.46223 12.9475 5.77914C12.9475 6.09606 12.6879 6.35297 12.3678 6.35297H6.7638C6.44363 6.35297 6.18408 6.09606 6.18408 5.77914Z" fill="#EB0203"></path>
                        <path fill-rule="evenodd" clip-rule="evenodd" d="M6.18408 11.9034C6.18408 11.5865 6.44363 11.3296 6.7638 11.3296H12.3678C12.6879 11.3296 12.9475 11.5865 12.9475 11.9034C12.9475 12.2202 12.6879 12.4771 12.3678 12.4771H6.7638C6.44363 12.4771 6.18408 12.2202 6.18408 11.9034Z" fill="#EB0203"></path>
                        <path fill-rule="evenodd" clip-rule="evenodd" d="M6.18408 8.84116C6.18408 8.52424 6.44363 8.26733 6.7638 8.26733H12.3678C12.6879 8.26733 12.9475 8.52424 12.9475 8.84116C12.9475 9.15807 12.6879 9.41498 12.3678 9.41498H6.7638C6.44363 9.41498 6.18408 9.15807 6.18408 8.84116Z" fill="#EB0203"></path>
                        <path fill-rule="evenodd" clip-rule="evenodd" d="M6.18408 14.9655C6.18408 14.6486 6.44363 14.3917 6.7638 14.3917H10.1455C10.4657 14.3917 10.7252 14.6486 10.7252 14.9655C10.7252 15.2825 10.4657 15.5394 10.1455 15.5394H6.7638C6.44363 15.5394 6.18408 15.2825 6.18408 14.9655Z" fill="#EB0203"></path>
                        <path fill-rule="evenodd" clip-rule="evenodd" d="M3.67139 5.77914C3.67139 5.46223 3.93094 5.20532 4.25111 5.20532H4.63759C4.95776 5.20532 5.21731 5.46223 5.21731 5.77914C5.21731 6.09606 4.95776 6.35297 4.63759 6.35297H4.25111C3.93094 6.35297 3.67139 6.09606 3.67139 5.77914Z" fill="#EB0203"></path>
                        <path fill-rule="evenodd" clip-rule="evenodd" d="M3.67139 11.9034C3.67139 11.5865 3.93094 11.3296 4.25111 11.3296H4.63759C4.95776 11.3296 5.21731 11.5865 5.21731 11.9034C5.21731 12.2202 4.95776 12.4771 4.63759 12.4771H4.25111C3.93094 12.4771 3.67139 12.2202 3.67139 11.9034Z" fill="#EB0203"></path>
                        <path fill-rule="evenodd" clip-rule="evenodd" d="M3.67139 8.84116C3.67139 8.52424 3.93094 8.26733 4.25111 8.26733H4.63759C4.95776 8.26733 5.21731 8.52424 5.21731 8.84116C5.21731 9.15807 4.95776 9.41498 4.63759 9.41498H4.25111C3.93094 9.41498 3.67139 9.15807 3.67139 8.84116Z" fill="#EB0203"></path>
                        <path fill-rule="evenodd" clip-rule="evenodd" d="M3.67139 14.9655C3.67139 14.6486 3.93094 14.3917 4.25111 14.3917H4.63759C4.95776 14.3917 5.21731 14.6486 5.21731 14.9655C5.21731 15.2825 4.95776 15.5394 4.63759 15.5394H4.25111C3.93094 15.5394 3.67139 15.2825 3.67139 14.9655Z" fill="#EB0203"></path>
                        <path fill-rule="evenodd" clip-rule="evenodd" d="M0 1.76033C0 0.914738 0.692131 0.229248 1.54592 0.229248H15.0727C15.9265 0.229248 16.6186 0.914738 16.6186 1.76033V11.2818C16.6186 11.5989 16.3591 11.8559 16.0389 11.8559C15.7187 11.8559 15.4592 11.5989 15.4592 11.2818V1.76033C15.4592 1.54893 15.2862 1.37756 15.0727 1.37756H1.54592C1.33247 1.37756 1.15944 1.54893 1.15944 1.76033V18.985C1.15944 19.1964 1.33247 19.3678 1.54592 19.3678H9.27551C9.59568 19.3678 9.85523 19.6249 9.85523 19.942C9.85523 20.2591 9.59568 20.5161 9.27551 20.5161H1.54592C0.692131 20.5161 0 19.8306 0 18.985V1.76033Z" fill="#EB0203"></path>
                        <path fill-rule="evenodd" clip-rule="evenodd" d="M14.6254 13.8718C13.4921 12.8567 11.7821 12.7615 10.6574 13.7147C9.12472 15.0124 9.34891 17.128 10.4413 18.2493L14.0161 21.9126C14.2199 22.1217 14.493 22.2386 14.7824 22.2386C15.0739 22.2386 15.3449 22.1238 15.5487 21.9147L19.1235 18.2514C20.2139 17.13 20.4422 15.0144 18.9075 13.7147C17.7827 12.7634 16.0726 12.8569 14.9392 13.872C14.8856 13.92 14.8333 13.9701 14.7824 14.0222C14.7314 13.97 14.6791 13.9199 14.6254 13.8718ZM18.1546 14.588C19.0972 15.3869 18.9961 16.7262 18.2891 17.4541C18.2888 17.4543 18.2886 17.4546 18.2884 17.4548L14.7834 21.0466L11.2757 17.452C11.2756 17.4519 11.2755 17.4517 11.2753 17.4516C10.5681 16.7252 10.4682 15.3856 11.4108 14.5876L11.4112 14.5872C12.0748 14.0248 13.202 14.0556 13.949 14.8205L14.7824 15.674L15.6158 14.8205C16.3618 14.0567 17.4896 14.0256 18.1545 14.5879" fill="#EB0203"></path>
                        </svg>
                        </button>
                        </div>
                        <div class="col-sm-10 col-12">
                        <div class="ct-tile-quantity d-none" data-pid="2422496">
                        <input type="hidden" class="add-to-cart-url" value="https://www.continente.pt/on/demandware.store/Sites-continente-Site/default/Cart-AddProduct">
                        <div class="d-none tile-delete-confirmation-btn" data-pid="2422496" data-delay-time="3000" data-in-cart-msg="no carrinho" data-one-product-added="Adicionado ao carrinho" data-remove-from-cart-msg="Removido do carrinho" data-stay-open="6000.0" data-confirmation-image="{&quot;url&quot;:&quot;https://www.continente.pt/dw/image/v2/BDVS_PRD/on/demandware.static/-/Sites-col-master-catalog/default/dw17651dbf/images/col/242/2422496-frente.jpg?sw=87&amp;sh=80&quot;,&quot;fallbackimage&quot;:{&quot;url&quot;:&quot;https://www.continente.pt/dw/image/v2/BDVS_PRD/on/demandware.static/Sites-continente-Site/-/default/dw7c42b4da/images/noimagelarge_product.png?sw=87&amp;sh=80&quot;,&quot;title&quot;:&quot;Azeite Virgem Extra&quot;,&quot;alt&quot;:&quot;Azeite Virgem Extra&quot;},&quot;title&quot;:&quot;Azeite Virgem Extra&quot;,&quot;alt&quot;:&quot;Azeite Virgem Extra&quot;}"></div>
                        <div class="ct-tile-quantity-update quantity-update product-qty-vue" data-remove-action="https://www.continente.pt/on/demandware.store/Sites-continente-Site/default/Cart-RemoveProductLineItem" data-action="https://www.continente.pt/on/demandware.store/Sites-continente-Site/default/Cart-UpdateQuantity" data-dimension-update="https://www.continente.pt/on/demandware.store/Sites-continente-Site/default/Cart-DimensionUpdate" data-pid="2422496" data-uuid="5ec9941e16d584ee3060dd6c84" data-add-delay="500.0" data-measure-options="{&quot;hasConversionRate&quot;:false,&quot;hasAlternativeSaleUnit&quot;:false,&quot;unitConversionRate&quot;:null,&quot;minOrderQuantity&quot;:1,&quot;stepQuantity&quot;:1,&quot;primaryunit&quot;:&quot;un&quot;,&quot;secondaryunit&quot;:&quot;lt&quot;,&quot;selectedunit&quot;:&quot;primary&quot;,&quot;maxNumberOfUnitsPerSale&quot;:50}" data-price-available="null" :data-has-error="isMaxQtyReached || isMinQtyReached || qtySelectedMoreThanOne">
                        <template v-show="prodUnits">
                        <div class="quantity-input-wrapper has-units">
                        <label class="visually-hidden" :for="'quantity-' + pid + additionalTag">
                        Quantidade no carrinho
                        </label>
                        <input :ref="'quantityInput-' + pid + additionalTag" class="add-to-cart-quantity form-control ct-form-input text-center" inputmode="numeric" :class="{'is-invalid': isInvalid}" :data-pid="pid + additionalTag" :name="'quantity-' + pid + additionalTag" type="text" aria-label="Insira a quantidade" title="" v-model="displayValue" @change="updateQuantity" @focus="updateQtyFormat" @blur="restoreQtyFormat" :disabled="!isPriceAvailable">
                        <span class="quantity-icon quantity-icon--minus">
                        <button class="decrease-quantity-btn" @click="updateQuantity" :disabled="!isPriceAvailable" role="button" aria-label="Reduzir quantidade">
                        <i class="css-math-minus"></i>
                        </button>
                        </span>
                         <span class="quantity-icon quantity-icon--plus">
                        <button class="increase-quantity-btn" @click="updateQuantity" :disabled="isMaxQtyReached || !isPriceAvailable" role="button" aria-label="Aumentar quantidade">
                        <i class="css-math-plus"></i>
                        </button>
                        <span class="quantity-btn-disabled-placeholder"></span>
                        </span>
                        <template v-if="isPDP">
                        <span class="quantity-error ct-span-error text-sm-center product-max-allocation" v-if="isMaxQtyReached">
                        Quantidade máxima atingida
                        </span>
                        <span class="quantity-error ct-span-product text-sm-center product-allocation" v-if="!isMinQtyReached &amp;&amp; !isMaxQtyReached">
                        {{quantitySelected}} no carrinho
                        </span>
                        <span class="quantity-error ct-span-error text-sm-center product-min-allocation" :data-pid="pid" v-if="isMinQtyReached &amp;&amp; !isMaxQtyReached">
                        Quantidade mínima atingida
                        </span>
                        </template>
                        </div>
                        <template v-if="showNotes">
                        <div class="add-note-link-container ">
                        <div class="add-note">
                        <a href="/produto/azeite-virgem-extra-herdade-do-esporao-2422496.html?showNote=true" class="ct-add-note-redirect-pdp" aria-label="Adicionar comentário">
                        <span class="svg-wrapper svg-icon-notes" style="width:19px; height:20px">
                        <svg class="svg-inline icon-notes" viewBox="0 0 28 30" xmlns="http://www.w3.org/2000/svg" width="100%" height="100%"><path d="M21.738 0C22.985 0 24 1.04 24 2.319V12.47c0 .469-.37.848-.828.848-.457 0-.827-.38-.827-.848V2.32c0-.343-.273-.622-.607-.622H2.262c-.334 0-.607.279-.607.622V27.68c0 .343.273.622.607.622h7.81c.457 0 .827.38.827.849 0 .468-.37.848-.827.848h-7.81C1.015 30 0 28.96 0 27.681V2.32C0 1.04 1.015 0 2.262 0h19.476zm2.844 16.004l.227.007c.823.053 1.589.39 2.176.964.64.627.993 1.46.993 2.349 0 .888-.353 1.722-.993 2.348l-6.83 6.665c-.11.108-.247.186-.397.226l-5.032 1.363c-.078.021-.16.032-.241.032-.242 0-.478-.097-.647-.266-.23-.231-.314-.566-.218-.874l1.49-4.798c.044-.139.122-.266.227-.369l6.844-6.677c.64-.625 1.493-.97 2.401-.97zm-2.886 3.94l-4.922 4.802-.947 3.048 3.22-.872 4.897-4.78-2.248-2.197zm2.887-2.174c-.425 0-.824.162-1.124.455l-.484.472 2.248 2.197.484-.472c.62-.606.62-1.591 0-2.197l-.117-.104c-.283-.227-.636-.35-1.007-.35zm-10.839.022c.498 0 .904.396.904.883 0 .488-.406.884-.904.884H5.946c-.499 0-.904-.396-.904-.884 0-.487.405-.883.904-.883zm5.042-4.876c.498 0 .904.397.904.884s-.406.884-.904.884H5.946c-.499 0-.904-.397-.904-.884s.405-.884.904-.884zm0-4.875c.498 0 .904.396.904.884 0 .487-.406.883-.904.883H5.946c-.499 0-.904-.396-.904-.883 0-.488.405-.884.904-.884z" fill="#EB0203" fill-rule="evenodd"></path></svg>
                        </span>
                        <div class="available-note d-none"></div>
                        </a>
                        </div>
                        </div>
                        </template>
                        <div class="measurement-unit-section" v-if="isPriceAvailable &amp;&amp; prodUnits ? prodUnits.hasAlternativeUnit : false">
                        <div class="ct-form-radio" @click="setDimension">
                        <input type="radio" title="" class="ct-form-check-input product-measurement-unit" :data-type="prodUnits.selectedUnit == prodUnits.secondaryUnit ? 'primary' : ''" :id="prodUnits.secondaryUnit + '-' + pid + '-measurement-unit-ptile' + additionalTag" :name="'measurement-unit-' + pid + '-ptile' + additionalTag" :value="prodUnits.secondaryUnit" v-model="prodUnits.selectedUnit">
                        <label :class="prodUnits.secondaryUnit + '-label ct-form-check-label mb-0'" :for="prodUnits.secondaryUnit + '-' + pid + '-measurement-unit-ptile' + additionalTag">
                        {{prodUnits.secondaryUnit}}
                        </label>
                        <span class="checkmark"></span>
                        </div>
                        <div class="ct-form-radio" @click="setDimension">
                        <input type="radio" title="" class="ct-form-check-input product-measurement-unit" :data-type="prodUnits.selectedUnit == prodUnits.primaryUnit ? 'primary' : ''" :id="prodUnits.primaryUnit + '-' + pid + '-measurement-unit-ptile' + additionalTag" :name="'measurement-unit-' + pid + '-ptile' + additionalTag" :value="prodUnits.primaryUnit" v-model="prodUnits.selectedUnit">
                        <label :class="prodUnits.primaryUnit + '-label ct-form-check-label mb-0'" :for="prodUnits.primaryUnit + '-' + pid + '-measurement-unit-ptile' + additionalTag">
                        {{prodUnits.primaryUnit}}
                        </label>
                        <span class="checkmark"></span>
                        </div>
                        </div>
                        <template v-if="!isPDP &amp;&amp; isPriceAvailable">
                        <span class="quantity-error ct-span-error product-max-allocation" v-if="isMaxQtyReached">
                        Quantidade máxima atingida
                        </span>
                        <span class="quantity-error ct-span-product product-allocation" v-if="!isMinQtyReached &amp;&amp; !isMaxQtyReached">
                        {{quantitySelected}} no carrinho
                        </span>
                        <span class="quantity-error ct-span-error product-min-allocation" :data-pid="pid" v-if="isMinQtyReached &amp;&amp; !isMaxQtyReached">
                        Quantidade mínima atingida
                        </span>
                        </template>
                        </template>
                        </div>
                        <input class="quantity-value-mask d-none" name="quantity" type="number" min="0" value="">
                        </div>
                        <button type="button" class="add-to-cart button js-add-to-cart js-add-to-cart-tile 2422496 button--primary dynamic-layout-btn" data-toggle="modal" data-target="#chooseBonusProductModal" data-pid="2422496" data-quantity-value="null" aria-label="Carrinho">
                        <span class="d-block d-sm-none">
                        <span class="svg-wrapper svg-icon-cart" style="width:20px; height:20px">
                        <svg class="svg-inline icon-cart" xmlns="http://www.w3.org/2000/svg" viewBox="0 0 500 500" width="100%" height="100%"><path fill="#EB0203" fill-rule="evenodd" d="M 485.67317,94.386311 C 476.37798,83.847129 463.09468,78.03348 448.30404,78.03348 H 90.690813 L 87.079511,51.327997 C 83.185582,22.539551 62.962285,0 41.011841,0 H 14.727836 C 6.563151,0 0,6.5286975 0,14.580758 c 0,8.05206 6.5945535,14.580758 14.727836,14.580758 h 26.284005 c 4.710398,0 14.696435,9.855222 16.894619,26.021523 L 100.01739,368.0631 c 1.88416,13.77244 9.01256,26.70549 20.1605,36.37417 8.25889,7.15046 18.02511,11.9071 28.26237,13.89679 -4.17655,7.58572 -6.53175,16.25957 -6.53175,25.493 0,29.53459 24.27424,53.59751 54.13815,53.59751 29.8325,0 54.13814,-24.03184 54.13814,-53.59751 0,-8.79818 -2.19818,-17.09897 -5.9979,-24.43598 h 77.12488 c -3.79973,7.33701 -5.96652,15.6378 -5.96652,24.43598 0,29.53459 24.27424,53.59751 54.13817,53.59751 29.83249,0 54.13814,-24.03184 54.13814,-53.59751 0,-8.79818 -2.1982,-17.09897 -5.9979,-24.43598 h 38.56243 c 8.13328,0 14.72783,-6.5287 14.72783,-14.61183 0,-8.02098 -6.59455,-14.54967 -14.72783,-14.54967 H 159.24277 c -14.38241,0 -28.13677,-11.90711 -30.02092,-26.02153 l -3.07746,-22.88154 h 290.6314 c 14.03698,0 27.94834,-5.28513 39.06488,-14.95381 11.11652,-9.6376 18.27632,-22.57065 20.16048,-36.37417 l 21.10259,-156.78201 c 1.94694,-14.51858 -2.10398,-28.29103 -11.43057,-38.861299 z M 220.76053,443.82706 c 0,13.49265 -11.08513,24.46709 -24.68247,24.46709 -13.62874,0 -24.71387,-10.97444 -24.71387,-24.46709 0,-13.49262 11.08513,-24.43598 24.71387,-24.43598 13.59734,0 24.68247,10.94336 24.68247,24.43598 z m 173.43675,0 c 0,13.49265 -11.08512,24.46709 -24.68245,24.46709 -13.62876,0 -24.71388,-10.97444 -24.71388,-24.46709 0,-13.49262 11.08512,-24.43598 24.71388,-24.43598 13.59733,0 24.68245,10.94336 24.68245,24.43598 z m 73.7648,-314.46558 -21.13397,156.782 c -1.88416,14.11442 -15.63851,26.05261 -30.02091,26.05261 H 122.25046 L 94.616142,107.19499 H 448.33544 c 6.18632,0 11.61896,2.2695 15.23028,6.37326 3.64269,4.13484 5.21283,9.73086 4.39636,15.79323 z"></path></svg>
                        </span>
                        </span>
                        <span class="add-to-cart--text d-none d-sm-block">Carrinho</span>
                        </button>
                        </div>
                        </div>
                        </div>
                        </div>
                        
                        <div class="col-12 d-sm-none">
                        </div>
                        </div>
                        </div>
                        </div>
                        </div>
                        <div class="col-12 col-sm-3 col-lg-2 productTile" data-idx="10">
                        
                        <script type="text/javascript">//<!--
                        /* <![CDATA[ */
                        (function(){
                        try {
                            if(window.CQuotient) {
                            var cq_params = {};
                            
                            cq_params.cookieId = window.CQuotient.getCQCookieId();
                            cq_params.userId = window.CQuotient.getCQUserId();
                            cq_params.emailId = CQuotient.getCQHashedEmail();
                            cq_params.loginId = CQuotient.getCQHashedLogin();
                            cq_params.accumulate = true;
                            cq_params.products = [{
                                id: '4333509',
                                sku: ''
                            }];
                            cq_params.categoryId = 'mercearias';
                            cq_params.refinements = '[{\"name\":\"priceMin\",\"value\":\"0.01\"},{\"name\":\"priceMax\",\"value\":\"null\"},{\"name\":\"curr\",\"value\":\"EUR\"},{\"name\":\"Category\",\"value\":\"mercearias\"}]';
                            cq_params.personalized = 'false';
                            cq_params.sortingRule = 'FOOD_Mercearia';
                            cq_params.imageUUID = '__UNDEFINED__';
                            cq_params.realm = "BDVS";
                            cq_params.siteId = "continente";
                            cq_params.instanceType = "prd";
                            cq_params.queryLocale = "default";
                            cq_params.locale = window.CQuotient.locale;
                            
                            if(window.CQuotient.sendActivity)
                                window.CQuotient.sendActivity(CQuotient.clientId, 'viewCategory', cq_params);
                            else
                                window.CQuotient.activities.push({
                                    activityType: 'viewCategory',
                                    parameters: cq_params
                                });
                          }
                        } catch(err) {}
                        })();
                        /* ]]> */
                        // -->
                        </script>
                        <script type="text/javascript">//<!--
                        /* <![CDATA[ (viewCategoryProduct-active_data.js) */
                        (function(){
                        try {
                            if (dw.ac) {
                                var search_params = {};
                                search_params.persd = 'false';
                                search_params.refs = '[{\"name\":\"priceMin\",\"value\":\"0.01\"},{\"name\":\"priceMax\",\"value\":\"null\"},{\"name\":\"curr\",\"value\":\"EUR\"},{\"name\":\"Category\",\"value\":\"mercearias\"}]';
                                search_params.sort = 'FOOD_Mercearia';
                                search_params.imageUUID = '';
                                search_params.searchID = 'afeeff71-841d-471a-a4b6-1885a5ac2689';
                                search_params.locale = 'default';
                                search_params.queryLocale = 'default';
                                search_params.showProducts = 'true';
                                dw.ac.applyContext({category: "mercearias", searchData: search_params});
                                if (typeof dw.ac._scheduleDataSubmission === "function") {
                                    dw.ac._scheduleDataSubmission();
                                }
                            }
                        } catch(err) {}
                        })();
                        /* ]]> */
                        // -->
                        </script>
                        <script type="text/javascript">//<!--
                        /* <![CDATA[ (viewProduct-active_data.js) */
                        dw.ac._capture({id: "4333509", type: "searchhit"});
                        /* ]]> */
                        // -->
                        </script>
                        <div class="product" data-pid="4333509">
                        <div class="product-tile pid-4333509 ct-product-tile data-layer-pushed" data-delay-time="3000" data-variants-mapping="[]" data-in-cart-msg="no carrinho" data-one-product-added="Adicionado ao carrinho" data-remove-from-cart-msg="Removido do carrinho" data-stay-open="6000.0" data-product-tile-impression="{&quot;name&quot;:&quot;4333509&quot;,&quot;id&quot;:&quot;4333509&quot;,&quot;price&quot;:1.35,&quot;brand&quot;:&quot;Compal da Horta&quot;,&quot;category&quot;:[{&quot;category_level_1&quot;:&quot;Mercearia&quot;},{&quot;category_level_2&quot;:&quot;Conservas&quot;},{&quot;category_level_3&quot;:&quot;Tomate Polpa, Pelado e Seco&quot;}],&quot;variant&quot;:&quot;&quot;}">
                        <div class="ct-inner-tile-wrap row no-gutters justify-content-center align-content-start">
                        <div class="ct-product-tile-badge ct-product-tile-badge--promotional">
                        <img class="img-fluid lazyloaded" loading="lazy" data-src="https://www.continente.pt/dw/image/v2/BDVS_PRD/on/demandware.static/-/Sites-continente-Library/default/dwf5980f2e/images/badges/pvpr/col/pvpr.png?sw=60&amp;sh=42" alt="PVP Recomendado: €1,69/un" title="PVP Recomendado: €1,69/un" src="https://www.continente.pt/dw/image/v2/BDVS_PRD/on/demandware.static/-/Sites-continente-Library/default/dwf5980f2e/images/badges/pvpr/col/pvpr.png?sw=60&amp;sh=42">
                        <div class="ct-product-tile-badge-value-wrapper ct-product-tile-badge-value-wrapper--pvpr  ">
                        <span class="ct-product-tile-badge-value--pvpr">
                        20
                        </span>
                        <span class="ct-product-tile-badge-value--pvpr-quantifier ">
                        %
                        </span>
                        </div>
                        </div>
                        
                        <div class="ct-image-container col-4 col-sm" data-confirmation-image="{&quot;url&quot;:&quot;https://www.continente.pt/dw/image/v2/BDVS_PRD/on/demandware.static/-/Sites-col-master-catalog/default/dw172ac172/images/col/433/4333509-frente.jpg?sw=87&amp;sh=80&quot;,&quot;fallbackimage&quot;:{&quot;url&quot;:&quot;https://www.continente.pt/dw/image/v2/BDVS_PRD/on/demandware.static/Sites-continente-Site/-/default/dw7c42b4da/images/noimagelarge_product.png?sw=87&amp;sh=80&quot;,&quot;title&quot;:&quot;Polpa de Tomate&quot;,&quot;alt&quot;:&quot;Polpa de Tomate&quot;},&quot;title&quot;:&quot;Polpa de Tomate&quot;,&quot;alt&quot;:&quot;Polpa de Tomate&quot;}">
                        <a href="https://www.continente.pt/produto/polpa-de-tomate-compal-da-horta-4333509.html?cgid=mercearias">
                        <picture class="intrinsic intrinsic--square">
                        <img class="ct-tile-image lazyloaded" loading="lazy" onerror="this.onerror=null;this.src='/on/demandware.static/Sites-continente-Site/-/default/dw7c42b4da/images/noimagelarge_product.png';" data-src="https://www.continente.pt/dw/image/v2/BDVS_PRD/on/demandware.static/-/Sites-col-master-catalog/default/dw172ac172/images/col/433/4333509-frente.jpg?sw=280&amp;sh=280" alt="Polpa de Tomate" title="Polpa de Tomate" src="https://www.continente.pt/dw/image/v2/BDVS_PRD/on/demandware.static/-/Sites-col-master-catalog/default/dw172ac172/images/col/433/4333509-frente.jpg?sw=280&amp;sh=280">
                        </picture>
                        </a>
                        <div class="color-swatches d-flex" style="margin-left: 5px;">
                        <div class="swatches d-flex">
                        </div>
                        </div>
                        </div>
                        <div class="ct-tile-body col col-sm-auto ">
                        <div class="ct-pdp-details">
                        <div class="ct-pdp-link">
                        <a class="ct-tile--description" href="https://www.continente.pt/produto/polpa-de-tomate-compal-da-horta-4333509.html?cgid=mercearias">Polpa de Tomate</a>
                        <div class="ct-tile--favorite-top d-sm-none">
                        <button class="wishlist-toggler guest-mode inactive button button--tertiary" data-pid="4333509" data-add-url="https://www.continente.pt/on/demandware.store/Sites-continente-Site/default/Wishlist-AddProduct?pid=4333509" data-toggle="tooltip" aria-label="Adicionar aos favoritos " data-original-title="Adicionar aos favoritos" data-placement="top">
                        <svg class="active-content" width="100%" height="100%" viewBox="0 0 20 22" fill="none" xmlns="http://www.w3.org/2000/svg">
                        <path fill-rule="evenodd" clip-rule="evenodd" d="M0 1.53052C0 0.685236 0.692171 0 1.54601 0H15.0736C15.9274 0 16.6196 0.685235 16.6196 1.53052V13.4064L15.8127 13.922L14.2658 14.2658L12.7189 13.4064L10.6054 14.3818C10.4994 14.2451 10.3327 14.157 10.1452 14.157H6.76329C6.4431 14.157 6.18354 14.414 6.18354 14.731C6.18354 15.0479 6.4431 15.3049 6.76329 15.3049H10.1452C10.2478 15.3049 10.3441 15.2785 10.4277 15.2322L10.3126 16.8439L13.2345 20.2793H1.54601C0.69217 20.2793 0 19.5941 0 18.7488V1.53052ZM6.18354 5.5483C6.18354 5.23132 6.4431 4.97436 6.76329 4.97436H12.3676C12.6878 4.97436 12.9473 5.23132 12.9473 5.5483C12.9473 5.86528 12.6878 6.12224 12.3676 6.12224H6.76329C6.4431 6.12224 6.18354 5.86528 6.18354 5.5483ZM6.76329 11.0961C6.4431 11.0961 6.18354 11.3531 6.18354 11.6701C6.18354 11.987 6.4431 12.244 6.76329 12.244H12.3676C12.6878 12.244 12.9473 11.987 12.9473 11.6701C12.9473 11.3531 12.6878 11.0961 12.3676 11.0961H6.76329ZM6.18354 8.60985C6.18354 8.29287 6.4431 8.03591 6.76329 8.03591H12.3676C12.6878 8.03591 12.9473 8.29287 12.9473 8.60985C12.9473 8.92684 12.6878 9.1838 12.3676 9.1838H6.76329C6.4431 9.1838 6.18354 8.92684 6.18354 8.60985ZM3.67118 5.5483C3.67118 5.23132 3.93075 4.97436 4.25093 4.97436H4.63743C4.95762 4.97436 5.21719 5.23132 5.21719 5.5483C5.21719 5.86528 4.95762 6.12224 4.63743 6.12224H4.25093C3.93075 6.12224 3.67118 5.86528 3.67118 5.5483ZM4.25093 11.0961C3.93075 11.0961 3.67118 11.3531 3.67118 11.6701C3.67118 11.987 3.93075 12.244 4.25093 12.244H4.63743C4.95762 12.244 5.21719 11.987 5.21719 11.6701C5.21719 11.3531 4.95762 11.0961 4.63743 11.0961H4.25093ZM3.67118 8.60985C3.67118 8.29287 3.93075 8.03591 4.25093 8.03591H4.63743C4.95762 8.03591 5.21719 8.29287 5.21719 8.60985C5.21719 8.92684 4.95762 9.1838 4.63743 9.1838H4.25093C3.93075 9.1838 3.67118 8.92684 3.67118 8.60985ZM4.25093 14.157C3.93075 14.157 3.67118 14.414 3.67118 14.731C3.67118 15.0479 3.93075 15.3049 4.25093 15.3049H4.63743C4.95762 15.3049 5.21719 15.0479 5.21719 14.731C5.21719 14.414 4.95762 14.157 4.63743 14.157H4.25093Z" fill="#EB0203"></path>
                        <path fill-rule="evenodd" clip-rule="evenodd" d="M14.6252 13.6363C13.4918 12.6215 11.7817 12.5264 10.6569 13.4792C9.12421 14.7764 9.34841 16.8912 10.4409 18.0122L14.0159 21.6742C14.2197 21.8832 14.4928 22 14.7822 22C15.0737 22 15.3448 21.8852 15.5486 21.6762L19.1236 18.0142C20.214 16.8933 20.4423 14.7785 18.9075 13.4792C17.7827 12.5283 16.0724 12.6217 14.9391 13.6365C14.8855 13.6845 14.8331 13.7345 14.7822 13.7866C14.7313 13.7345 14.6789 13.6843 14.6252 13.6363ZM18.1546 14.3522C19.0973 15.1508 18.9962 16.4896 18.2891 17.2173C18.2888 17.2175 18.2886 17.2177 18.2884 17.218L14.7832 20.8084L11.2753 17.2151C11.2752 17.215 11.2751 17.2149 11.2749 17.2148C10.5677 16.4887 10.4678 15.1495 11.4104 14.3518L11.4108 14.3514C12.0745 13.7892 13.2018 13.82 13.9488 14.5846L14.7822 15.4378L15.6157 14.5846C16.3617 13.8211 17.4896 13.79 18.1545 14.3521" fill="#EB0203"></path>
                        </svg>
                        <svg class="inactive-content" width="100%" height="100%" viewBox="0 0 20 23" fill="none" xmlns="http://www.w3.org/2000/svg">
                        <path fill-rule="evenodd" clip-rule="evenodd" d="M6.18408 5.77914C6.18408 5.46223 6.44363 5.20532 6.7638 5.20532H12.3678C12.6879 5.20532 12.9475 5.46223 12.9475 5.77914C12.9475 6.09606 12.6879 6.35297 12.3678 6.35297H6.7638C6.44363 6.35297 6.18408 6.09606 6.18408 5.77914Z" fill="#EB0203"></path>
                        <path fill-rule="evenodd" clip-rule="evenodd" d="M6.18408 11.9034C6.18408 11.5865 6.44363 11.3296 6.7638 11.3296H12.3678C12.6879 11.3296 12.9475 11.5865 12.9475 11.9034C12.9475 12.2202 12.6879 12.4771 12.3678 12.4771H6.7638C6.44363 12.4771 6.18408 12.2202 6.18408 11.9034Z" fill="#EB0203"></path>
                        <path fill-rule="evenodd" clip-rule="evenodd" d="M6.18408 8.84116C6.18408 8.52424 6.44363 8.26733 6.7638 8.26733H12.3678C12.6879 8.26733 12.9475 8.52424 12.9475 8.84116C12.9475 9.15807 12.6879 9.41498 12.3678 9.41498H6.7638C6.44363 9.41498 6.18408 9.15807 6.18408 8.84116Z" fill="#EB0203"></path>
                        <path fill-rule="evenodd" clip-rule="evenodd" d="M6.18408 14.9655C6.18408 14.6486 6.44363 14.3917 6.7638 14.3917H10.1455C10.4657 14.3917 10.7252 14.6486 10.7252 14.9655C10.7252 15.2825 10.4657 15.5394 10.1455 15.5394H6.7638C6.44363 15.5394 6.18408 15.2825 6.18408 14.9655Z" fill="#EB0203"></path>
                        <path fill-rule="evenodd" clip-rule="evenodd" d="M3.67139 5.77914C3.67139 5.46223 3.93094 5.20532 4.25111 5.20532H4.63759C4.95776 5.20532 5.21731 5.46223 5.21731 5.77914C5.21731 6.09606 4.95776 6.35297 4.63759 6.35297H4.25111C3.93094 6.35297 3.67139 6.09606 3.67139 5.77914Z" fill="#EB0203"></path>
                        <path fill-rule="evenodd" clip-rule="evenodd" d="M3.67139 11.9034C3.67139 11.5865 3.93094 11.3296 4.25111 11.3296H4.63759C4.95776 11.3296 5.21731 11.5865 5.21731 11.9034C5.21731 12.2202 4.95776 12.4771 4.63759 12.4771H4.25111C3.93094 12.4771 3.67139 12.2202 3.67139 11.9034Z" fill="#EB0203"></path>
                        <path fill-rule="evenodd" clip-rule="evenodd" d="M3.67139 8.84116C3.67139 8.52424 3.93094 8.26733 4.25111 8.26733H4.63759C4.95776 8.26733 5.21731 8.52424 5.21731 8.84116C5.21731 9.15807 4.95776 9.41498 4.63759 9.41498H4.25111C3.93094 9.41498 3.67139 9.15807 3.67139 8.84116Z" fill="#EB0203"></path>
                        <path fill-rule="evenodd" clip-rule="evenodd" d="M3.67139 14.9655C3.67139 14.6486 3.93094 14.3917 4.25111 14.3917H4.63759C4.95776 14.3917 5.21731 14.6486 5.21731 14.9655C5.21731 15.2825 4.95776 15.5394 4.63759 15.5394H4.25111C3.93094 15.5394 3.67139 15.2825 3.67139 14.9655Z" fill="#EB0203"></path>
                        <path fill-rule="evenodd" clip-rule="evenodd" d="M0 1.76033C0 0.914738 0.692131 0.229248 1.54592 0.229248H15.0727C15.9265 0.229248 16.6186 0.914738 16.6186 1.76033V11.2818C16.6186 11.5989 16.3591 11.8559 16.0389 11.8559C15.7187 11.8559 15.4592 11.5989 15.4592 11.2818V1.76033C15.4592 1.54893 15.2862 1.37756 15.0727 1.37756H1.54592C1.33247 1.37756 1.15944 1.54893 1.15944 1.76033V18.985C1.15944 19.1964 1.33247 19.3678 1.54592 19.3678H9.27551C9.59568 19.3678 9.85523 19.6249 9.85523 19.942C9.85523 20.2591 9.59568 20.5161 9.27551 20.5161H1.54592C0.692131 20.5161 0 19.8306 0 18.985V1.76033Z" fill="#EB0203"></path>
                        <path fill-rule="evenodd" clip-rule="evenodd" d="M14.6254 13.8718C13.4921 12.8567 11.7821 12.7615 10.6574 13.7147C9.12472 15.0124 9.34891 17.128 10.4413 18.2493L14.0161 21.9126C14.2199 22.1217 14.493 22.2386 14.7824 22.2386C15.0739 22.2386 15.3449 22.1238 15.5487 21.9147L19.1235 18.2514C20.2139 17.13 20.4422 15.0144 18.9075 13.7147C17.7827 12.7634 16.0726 12.8569 14.9392 13.872C14.8856 13.92 14.8333 13.9701 14.7824 14.0222C14.7314 13.97 14.6791 13.9199 14.6254 13.8718ZM18.1546 14.588C19.0972 15.3869 18.9961 16.7262 18.2891 17.4541C18.2888 17.4543 18.2886 17.4546 18.2884 17.4548L14.7834 21.0466L11.2757 17.452C11.2756 17.4519 11.2755 17.4517 11.2753 17.4516C10.5681 16.7252 10.4682 15.3856 11.4108 14.5876L11.4112 14.5872C12.0748 14.0248 13.202 14.0556 13.949 14.8205L14.7824 15.674L15.6158 14.8205C16.3618 14.0567 17.4896 14.0256 18.1545 14.5879" fill="#EB0203"></path>
                        </svg>
                        </button>
                        </div>
                        </div>
                        <p class="ct-tile--brand">Compal da Horta</p>
                        <p class="ct-tile--quantity">emb. 3 x 210 gr</p>
                        </div>
                        <div class="ct-tile-bottom row no-gutters justify-content-between">
                        <div class="ct-price-wrap col-8 col-sm-12">
                        <div class="price js-product-price">
                        <div class="prices-wrapper">
                        <span class="sales ct-tile--price-primary ">
                        <span class="value" content="1.35">
                        <span class="ct-price-formatted">
                        €1,35
                        </span>
                        <span class="ct-m-unit">
                        /un
                        </span>
                        </span>
                        </span>
                        </div>
                        <div class="ct-tile--price-secondary">
                        <span class="ct-price-value">
                        €2,14
                        </span>
                        <span class="ct-m-unit">
                        /kg
                        </span>
                        </div>
                        <p class="ct-discount-amount ct-discount-amount-pvpr">PVP Recomendado: €1,69/un</p>
                        </div>
                        </div>
                        <div class="ct-tile-buy-section d-flex justify-content-center no-gutters col-auto col-sm-12">
                        <div class="col-2 d-sm-flex d-none">
                        <button class="wishlist-toggler guest-mode inactive button button--tertiary" data-pid="4333509" data-add-url="https://www.continente.pt/on/demandware.store/Sites-continente-Site/default/Wishlist-AddProduct?pid=4333509" data-toggle="tooltip" aria-label="Adicionar aos favoritos " data-original-title="Adicionar aos favoritos" data-placement="top">
                        <svg class="active-content" width="100%" height="100%" viewBox="0 0 20 22" fill="none" xmlns="http://www.w3.org/2000/svg">
                        <path fill-rule="evenodd" clip-rule="evenodd" d="M0 1.53052C0 0.685236 0.692171 0 1.54601 0H15.0736C15.9274 0 16.6196 0.685235 16.6196 1.53052V13.4064L15.8127 13.922L14.2658 14.2658L12.7189 13.4064L10.6054 14.3818C10.4994 14.2451 10.3327 14.157 10.1452 14.157H6.76329C6.4431 14.157 6.18354 14.414 6.18354 14.731C6.18354 15.0479 6.4431 15.3049 6.76329 15.3049H10.1452C10.2478 15.3049 10.3441 15.2785 10.4277 15.2322L10.3126 16.8439L13.2345 20.2793H1.54601C0.69217 20.2793 0 19.5941 0 18.7488V1.53052ZM6.18354 5.5483C6.18354 5.23132 6.4431 4.97436 6.76329 4.97436H12.3676C12.6878 4.97436 12.9473 5.23132 12.9473 5.5483C12.9473 5.86528 12.6878 6.12224 12.3676 6.12224H6.76329C6.4431 6.12224 6.18354 5.86528 6.18354 5.5483ZM6.76329 11.0961C6.4431 11.0961 6.18354 11.3531 6.18354 11.6701C6.18354 11.987 6.4431 12.244 6.76329 12.244H12.3676C12.6878 12.244 12.9473 11.987 12.9473 11.6701C12.9473 11.3531 12.6878 11.0961 12.3676 11.0961H6.76329ZM6.18354 8.60985C6.18354 8.29287 6.4431 8.03591 6.76329 8.03591H12.3676C12.6878 8.03591 12.9473 8.29287 12.9473 8.60985C12.9473 8.92684 12.6878 9.1838 12.3676 9.1838H6.76329C6.4431 9.1838 6.18354 8.92684 6.18354 8.60985ZM3.67118 5.5483C3.67118 5.23132 3.93075 4.97436 4.25093 4.97436H4.63743C4.95762 4.97436 5.21719 5.23132 5.21719 5.5483C5.21719 5.86528 4.95762 6.12224 4.63743 6.12224H4.25093C3.93075 6.12224 3.67118 5.86528 3.67118 5.5483ZM4.25093 11.0961C3.93075 11.0961 3.67118 11.3531 3.67118 11.6701C3.67118 11.987 3.93075 12.244 4.25093 12.244H4.63743C4.95762 12.244 5.21719 11.987 5.21719 11.6701C5.21719 11.3531 4.95762 11.0961 4.63743 11.0961H4.25093ZM3.67118 8.60985C3.67118 8.29287 3.93075 8.03591 4.25093 8.03591H4.63743C4.95762 8.03591 5.21719 8.29287 5.21719 8.60985C5.21719 8.92684 4.95762 9.1838 4.63743 9.1838H4.25093C3.93075 9.1838 3.67118 8.92684 3.67118 8.60985ZM4.25093 14.157C3.93075 14.157 3.67118 14.414 3.67118 14.731C3.67118 15.0479 3.93075 15.3049 4.25093 15.3049H4.63743C4.95762 15.3049 5.21719 15.0479 5.21719 14.731C5.21719 14.414 4.95762 14.157 4.63743 14.157H4.25093Z" fill="#EB0203"></path>
                        <path fill-rule="evenodd" clip-rule="evenodd" d="M14.6252 13.6363C13.4918 12.6215 11.7817 12.5264 10.6569 13.4792C9.12421 14.7764 9.34841 16.8912 10.4409 18.0122L14.0159 21.6742C14.2197 21.8832 14.4928 22 14.7822 22C15.0737 22 15.3448 21.8852 15.5486 21.6762L19.1236 18.0142C20.214 16.8933 20.4423 14.7785 18.9075 13.4792C17.7827 12.5283 16.0724 12.6217 14.9391 13.6365C14.8855 13.6845 14.8331 13.7345 14.7822 13.7866C14.7313 13.7345 14.6789 13.6843 14.6252 13.6363ZM18.1546 14.3522C19.0973 15.1508 18.9962 16.4896 18.2891 17.2173C18.2888 17.2175 18.2886 17.2177 18.2884 17.218L14.7832 20.8084L11.2753 17.2151C11.2752 17.215 11.2751 17.2149 11.2749 17.2148C10.5677 16.4887 10.4678 15.1495 11.4104 14.3518L11.4108 14.3514C12.0745 13.7892 13.2018 13.82 13.9488 14.5846L14.7822 15.4378L15.6157 14.5846C16.3617 13.8211 17.4896 13.79 18.1545 14.3521" fill="#EB0203"></path>
                        </svg>
                        <svg class="inactive-content" width="100%" height="100%" viewBox="0 0 20 23" fill="none" xmlns="http://www.w3.org/2000/svg">
                        <path fill-rule="evenodd" clip-rule="evenodd" d="M6.18408 5.77914C6.18408 5.46223 6.44363 5.20532 6.7638 5.20532H12.3678C12.6879 5.20532 12.9475 5.46223 12.9475 5.77914C12.9475 6.09606 12.6879 6.35297 12.3678 6.35297H6.7638C6.44363 6.35297 6.18408 6.09606 6.18408 5.77914Z" fill="#EB0203"></path>
                        <path fill-rule="evenodd" clip-rule="evenodd" d="M6.18408 11.9034C6.18408 11.5865 6.44363 11.3296 6.7638 11.3296H12.3678C12.6879 11.3296 12.9475 11.5865 12.9475 11.9034C12.9475 12.2202 12.6879 12.4771 12.3678 12.4771H6.7638C6.44363 12.4771 6.18408 12.2202 6.18408 11.9034Z" fill="#EB0203"></path>
                        <path fill-rule="evenodd" clip-rule="evenodd" d="M6.18408 8.84116C6.18408 8.52424 6.44363 8.26733 6.7638 8.26733H12.3678C12.6879 8.26733 12.9475 8.52424 12.9475 8.84116C12.9475 9.15807 12.6879 9.41498 12.3678 9.41498H6.7638C6.44363 9.41498 6.18408 9.15807 6.18408 8.84116Z" fill="#EB0203"></path>
                        <path fill-rule="evenodd" clip-rule="evenodd" d="M6.18408 14.9655C6.18408 14.6486 6.44363 14.3917 6.7638 14.3917H10.1455C10.4657 14.3917 10.7252 14.6486 10.7252 14.9655C10.7252 15.2825 10.4657 15.5394 10.1455 15.5394H6.7638C6.44363 15.5394 6.18408 15.2825 6.18408 14.9655Z" fill="#EB0203"></path>
                        <path fill-rule="evenodd" clip-rule="evenodd" d="M3.67139 5.77914C3.67139 5.46223 3.93094 5.20532 4.25111 5.20532H4.63759C4.95776 5.20532 5.21731 5.46223 5.21731 5.77914C5.21731 6.09606 4.95776 6.35297 4.63759 6.35297H4.25111C3.93094 6.35297 3.67139 6.09606 3.67139 5.77914Z" fill="#EB0203"></path>
                        <path fill-rule="evenodd" clip-rule="evenodd" d="M3.67139 11.9034C3.67139 11.5865 3.93094 11.3296 4.25111 11.3296H4.63759C4.95776 11.3296 5.21731 11.5865 5.21731 11.9034C5.21731 12.2202 4.95776 12.4771 4.63759 12.4771H4.25111C3.93094 12.4771 3.67139 12.2202 3.67139 11.9034Z" fill="#EB0203"></path>
                        <path fill-rule="evenodd" clip-rule="evenodd" d="M3.67139 8.84116C3.67139 8.52424 3.93094 8.26733 4.25111 8.26733H4.63759C4.95776 8.26733 5.21731 8.52424 5.21731 8.84116C5.21731 9.15807 4.95776 9.41498 4.63759 9.41498H4.25111C3.93094 9.41498 3.67139 9.15807 3.67139 8.84116Z" fill="#EB0203"></path>
                        <path fill-rule="evenodd" clip-rule="evenodd" d="M3.67139 14.9655C3.67139 14.6486 3.93094 14.3917 4.25111 14.3917H4.63759C4.95776 14.3917 5.21731 14.6486 5.21731 14.9655C5.21731 15.2825 4.95776 15.5394 4.63759 15.5394H4.25111C3.93094 15.5394 3.67139 15.2825 3.67139 14.9655Z" fill="#EB0203"></path>
                        <path fill-rule="evenodd" clip-rule="evenodd" d="M0 1.76033C0 0.914738 0.692131 0.229248 1.54592 0.229248H15.0727C15.9265 0.229248 16.6186 0.914738 16.6186 1.76033V11.2818C16.6186 11.5989 16.3591 11.8559 16.0389 11.8559C15.7187 11.8559 15.4592 11.5989 15.4592 11.2818V1.76033C15.4592 1.54893 15.2862 1.37756 15.0727 1.37756H1.54592C1.33247 1.37756 1.15944 1.54893 1.15944 1.76033V18.985C1.15944 19.1964 1.33247 19.3678 1.54592 19.3678H9.27551C9.59568 19.3678 9.85523 19.6249 9.85523 19.942C9.85523 20.2591 9.59568 20.5161 9.27551 20.5161H1.54592C0.692131 20.5161 0 19.8306 0 18.985V1.76033Z" fill="#EB0203"></path>
                        <path fill-rule="evenodd" clip-rule="evenodd" d="M14.6254 13.8718C13.4921 12.8567 11.7821 12.7615 10.6574 13.7147C9.12472 15.0124 9.34891 17.128 10.4413 18.2493L14.0161 21.9126C14.2199 22.1217 14.493 22.2386 14.7824 22.2386C15.0739 22.2386 15.3449 22.1238 15.5487 21.9147L19.1235 18.2514C20.2139 17.13 20.4422 15.0144 18.9075 13.7147C17.7827 12.7634 16.0726 12.8569 14.9392 13.872C14.8856 13.92 14.8333 13.9701 14.7824 14.0222C14.7314 13.97 14.6791 13.9199 14.6254 13.8718ZM18.1546 14.588C19.0972 15.3869 18.9961 16.7262 18.2891 17.4541C18.2888 17.4543 18.2886 17.4546 18.2884 17.4548L14.7834 21.0466L11.2757 17.452C11.2756 17.4519 11.2755 17.4517 11.2753 17.4516C10.5681 16.7252 10.4682 15.3856 11.4108 14.5876L11.4112 14.5872C12.0748 14.0248 13.202 14.0556 13.949 14.8205L14.7824 15.674L15.6158 14.8205C16.3618 14.0567 17.4896 14.0256 18.1545 14.5879" fill="#EB0203"></path>
                        </svg>
                        </button>
                        </div>
                        <div class="col-sm-10 col-12">
                        <div class="ct-tile-quantity d-none" data-pid="4333509">
                        <input type="hidden" class="add-to-cart-url" value="https://www.continente.pt/on/demandware.store/Sites-continente-Site/default/Cart-AddProduct">
                        <div class="d-none tile-delete-confirmation-btn" data-pid="4333509" data-delay-time="3000" data-in-cart-msg="no carrinho" data-one-product-added="Adicionado ao carrinho" data-remove-from-cart-msg="Removido do carrinho" data-stay-open="6000.0" data-confirmation-image="{&quot;url&quot;:&quot;https://www.continente.pt/dw/image/v2/BDVS_PRD/on/demandware.static/-/Sites-col-master-catalog/default/dw172ac172/images/col/433/4333509-frente.jpg?sw=87&amp;sh=80&quot;,&quot;fallbackimage&quot;:{&quot;url&quot;:&quot;https://www.continente.pt/dw/image/v2/BDVS_PRD/on/demandware.static/Sites-continente-Site/-/default/dw7c42b4da/images/noimagelarge_product.png?sw=87&amp;sh=80&quot;,&quot;title&quot;:&quot;Polpa de Tomate&quot;,&quot;alt&quot;:&quot;Polpa de Tomate&quot;},&quot;title&quot;:&quot;Polpa de Tomate&quot;,&quot;alt&quot;:&quot;Polpa de Tomate&quot;}"></div>
                        <div class="ct-tile-quantity-update quantity-update product-qty-vue" data-remove-action="https://www.continente.pt/on/demandware.store/Sites-continente-Site/default/Cart-RemoveProductLineItem" data-action="https://www.continente.pt/on/demandware.store/Sites-continente-Site/default/Cart-UpdateQuantity" data-dimension-update="https://www.continente.pt/on/demandware.store/Sites-continente-Site/default/Cart-DimensionUpdate" data-pid="4333509" data-uuid="30c9d2e3e0ab035bf56731c255" data-add-delay="500.0" data-measure-options="{&quot;hasConversionRate&quot;:false,&quot;hasAlternativeSaleUnit&quot;:false,&quot;unitConversionRate&quot;:0,&quot;minOrderQuantity&quot;:1,&quot;stepQuantity&quot;:1,&quot;primaryunit&quot;:&quot;un&quot;,&quot;secondaryunit&quot;:&quot;kg&quot;,&quot;selectedunit&quot;:&quot;primary&quot;,&quot;maxNumberOfUnitsPerSale&quot;:50}" data-price-available="null" :data-has-error="isMaxQtyReached || isMinQtyReached || qtySelectedMoreThanOne">
                        <template v-show="prodUnits">
                        <div class="quantity-input-wrapper has-units">
                        <label class="visually-hidden" :for="'quantity-' + pid + additionalTag">
                        Quantidade no carrinho
                        </label>
                        <input :ref="'quantityInput-' + pid + additionalTag" class="add-to-cart-quantity form-control ct-form-input text-center" inputmode="numeric" :class="{'is-invalid': isInvalid}" :data-pid="pid + additionalTag" :name="'quantity-' + pid + additionalTag" type="text" aria-label="Insira a quantidade" title="" v-model="displayValue" @change="updateQuantity" @focus="updateQtyFormat" @blur="restoreQtyFormat" :disabled="!isPriceAvailable">
                        <span class="quantity-icon quantity-icon--minus">
                        <button class="decrease-quantity-btn" @click="updateQuantity" :disabled="!isPriceAvailable" role="button" aria-label="Reduzir quantidade">
                        <i class="css-math-minus"></i>
                        </button>
                        </span>
                        <span class="quantity-icon quantity-icon--plus">
                        <button class="increase-quantity-btn" @click="updateQuantity" :disabled="isMaxQtyReached || !isPriceAvailable" role="button" aria-label="Aumentar quantidade">
                        <i class="css-math-plus"></i>
                        </button>
                        <span class="quantity-btn-disabled-placeholder"></span>
                        </span>
                        <template v-if="isPDP">
                        <span class="quantity-error ct-span-error text-sm-center product-max-allocation" v-if="isMaxQtyReached">
                        Quantidade máxima atingida
                        </span>
                        <span class="quantity-error ct-span-product text-sm-center product-allocation" v-if="!isMinQtyReached &amp;&amp; !isMaxQtyReached">
                        {{quantitySelected}} no carrinho
                        </span>
                        <span class="quantity-error ct-span-error text-sm-center product-min-allocation" :data-pid="pid" v-if="isMinQtyReached &amp;&amp; !isMaxQtyReached">
                        Quantidade mínima atingida
                        </span>
                        </template>
                        </div>
                        <template v-if="showNotes">
                        <div class="add-note-link-container ">
                        <div class="add-note">
                        <a href="/produto/polpa-de-tomate-compal-da-horta-4333509.html?showNote=true" class="ct-add-note-redirect-pdp" aria-label="Adicionar comentário">
                        <span class="svg-wrapper svg-icon-notes" style="width:19px; height:20px">
                        <svg class="svg-inline icon-notes" viewBox="0 0 28 30" xmlns="http://www.w3.org/2000/svg" width="100%" height="100%"><path d="M21.738 0C22.985 0 24 1.04 24 2.319V12.47c0 .469-.37.848-.828.848-.457 0-.827-.38-.827-.848V2.32c0-.343-.273-.622-.607-.622H2.262c-.334 0-.607.279-.607.622V27.68c0 .343.273.622.607.622h7.81c.457 0 .827.38.827.849 0 .468-.37.848-.827.848h-7.81C1.015 30 0 28.96 0 27.681V2.32C0 1.04 1.015 0 2.262 0h19.476zm2.844 16.004l.227.007c.823.053 1.589.39 2.176.964.64.627.993 1.46.993 2.349 0 .888-.353 1.722-.993 2.348l-6.83 6.665c-.11.108-.247.186-.397.226l-5.032 1.363c-.078.021-.16.032-.241.032-.242 0-.478-.097-.647-.266-.23-.231-.314-.566-.218-.874l1.49-4.798c.044-.139.122-.266.227-.369l6.844-6.677c.64-.625 1.493-.97 2.401-.97zm-2.886 3.94l-4.922 4.802-.947 3.048 3.22-.872 4.897-4.78-2.248-2.197zm2.887-2.174c-.425 0-.824.162-1.124.455l-.484.472 2.248 2.197.484-.472c.62-.606.62-1.591 0-2.197l-.117-.104c-.283-.227-.636-.35-1.007-.35zm-10.839.022c.498 0 .904.396.904.883 0 .488-.406.884-.904.884H5.946c-.499 0-.904-.396-.904-.884 0-.487.405-.883.904-.883zm5.042-4.876c.498 0 .904.397.904.884s-.406.884-.904.884H5.946c-.499 0-.904-.397-.904-.884s.405-.884.904-.884zm0-4.875c.498 0 .904.396.904.884 0 .487-.406.883-.904.883H5.946c-.499 0-.904-.396-.904-.883 0-.488.405-.884.904-.884z" fill="#EB0203" fill-rule="evenodd"></path></svg>
                        </span>
                        <div class="available-note d-none"></div>
                        </a>
                        </div>
                        </div>
                        </template>
                        <div class="measurement-unit-section" v-if="isPriceAvailable &amp;&amp; prodUnits ? prodUnits.hasAlternativeUnit : false">
                        <div class="ct-form-radio" @click="setDimension">
                        <input type="radio" title="" class="ct-form-check-input product-measurement-unit" :data-type="prodUnits.selectedUnit == prodUnits.secondaryUnit ? 'primary' : ''" :id="prodUnits.secondaryUnit + '-' + pid + '-measurement-unit-ptile' + additionalTag" :name="'measurement-unit-' + pid + '-ptile' + additionalTag" :value="prodUnits.secondaryUnit" v-model="prodUnits.selectedUnit">
                        <label :class="prodUnits.secondaryUnit + '-label ct-form-check-label mb-0'" :for="prodUnits.secondaryUnit + '-' + pid + '-measurement-unit-ptile' + additionalTag">
                        {{prodUnits.secondaryUnit}}
                        </label>
                        <span class="checkmark"></span>
                        </div>
                        <div class="ct-form-radio" @click="setDimension">
                        <input type="radio" title="" class="ct-form-check-input product-measurement-unit" :data-type="prodUnits.selectedUnit == prodUnits.primaryUnit ? 'primary' : ''" :id="prodUnits.primaryUnit + '-' + pid + '-measurement-unit-ptile' + additionalTag" :name="'measurement-unit-' + pid + '-ptile' + additionalTag" :value="prodUnits.primaryUnit" v-model="prodUnits.selectedUnit">
                        <label :class="prodUnits.primaryUnit + '-label ct-form-check-label mb-0'" :for="prodUnits.primaryUnit + '-' + pid + '-measurement-unit-ptile' + additionalTag">
                        {{prodUnits.primaryUnit}}
                        </label>
                        <span class="checkmark"></span>
                        </div>
                        </div>
                        <template v-if="!isPDP &amp;&amp; isPriceAvailable">
                        <span class="quantity-error ct-span-error product-max-allocation" v-if="isMaxQtyReached">
                        Quantidade máxima atingida
                        </span>
                        <span class="quantity-error ct-span-product product-allocation" v-if="!isMinQtyReached &amp;&amp; !isMaxQtyReached">
                        {{quantitySelected}} no carrinho
                        </span>
                        <span class="quantity-error ct-span-error product-min-allocation" :data-pid="pid" v-if="isMinQtyReached &amp;&amp; !isMaxQtyReached">
                        Quantidade mínima atingida
                        </span>
                        </template>
                        </template>
                        </div>
                        <input class="quantity-value-mask d-none" name="quantity" type="number" min="0" value="">
                        </div>
                        <button type="button" class="add-to-cart button js-add-to-cart js-add-to-cart-tile 4333509 button--primary dynamic-layout-btn" data-toggle="modal" data-target="#chooseBonusProductModal" data-pid="4333509" data-quantity-value="null" aria-label="Carrinho">
                        <span class="d-block d-sm-none">
                        <span class="svg-wrapper svg-icon-cart" style="width:20px; height:20px">
                        <svg class="svg-inline icon-cart" xmlns="http://www.w3.org/2000/svg" viewBox="0 0 500 500" width="100%" height="100%"><path fill="#EB0203" fill-rule="evenodd" d="M 485.67317,94.386311 C 476.37798,83.847129 463.09468,78.03348 448.30404,78.03348 H 90.690813 L 87.079511,51.327997 C 83.185582,22.539551 62.962285,0 41.011841,0 H 14.727836 C 6.563151,0 0,6.5286975 0,14.580758 c 0,8.05206 6.5945535,14.580758 14.727836,14.580758 h 26.284005 c 4.710398,0 14.696435,9.855222 16.894619,26.021523 L 100.01739,368.0631 c 1.88416,13.77244 9.01256,26.70549 20.1605,36.37417 8.25889,7.15046 18.02511,11.9071 28.26237,13.89679 -4.17655,7.58572 -6.53175,16.25957 -6.53175,25.493 0,29.53459 24.27424,53.59751 54.13815,53.59751 29.8325,0 54.13814,-24.03184 54.13814,-53.59751 0,-8.79818 -2.19818,-17.09897 -5.9979,-24.43598 h 77.12488 c -3.79973,7.33701 -5.96652,15.6378 -5.96652,24.43598 0,29.53459 24.27424,53.59751 54.13817,53.59751 29.83249,0 54.13814,-24.03184 54.13814,-53.59751 0,-8.79818 -2.1982,-17.09897 -5.9979,-24.43598 h 38.56243 c 8.13328,0 14.72783,-6.5287 14.72783,-14.61183 0,-8.02098 -6.59455,-14.54967 -14.72783,-14.54967 H 159.24277 c -14.38241,0 -28.13677,-11.90711 -30.02092,-26.02153 l -3.07746,-22.88154 h 290.6314 c 14.03698,0 27.94834,-5.28513 39.06488,-14.95381 11.11652,-9.6376 18.27632,-22.57065 20.16048,-36.37417 l 21.10259,-156.78201 c 1.94694,-14.51858 -2.10398,-28.29103 -11.43057,-38.861299 z M 220.76053,443.82706 c 0,13.49265 -11.08513,24.46709 -24.68247,24.46709 -13.62874,0 -24.71387,-10.97444 -24.71387,-24.46709 0,-13.49262 11.08513,-24.43598 24.71387,-24.43598 13.59734,0 24.68247,10.94336 24.68247,24.43598 z m 173.43675,0 c 0,13.49265 -11.08512,24.46709 -24.68245,24.46709 -13.62876,0 -24.71388,-10.97444 -24.71388,-24.46709 0,-13.49262 11.08512,-24.43598 24.71388,-24.43598 13.59733,0 24.68245,10.94336 24.68245,24.43598 z m 73.7648,-314.46558 -21.13397,156.782 c -1.88416,14.11442 -15.63851,26.05261 -30.02091,26.05261 H 122.25046 L 94.616142,107.19499 H 448.33544 c 6.18632,0 11.61896,2.2695 15.23028,6.37326 3.64269,4.13484 5.21283,9.73086 4.39636,15.79323 z"></path></svg>
                        </span>
                        </span>
                        <span class="add-to-cart--text d-none d-sm-block">Carrinho</span>
                        </button>
                        </div>
                        </div>
                        </div>
                        </div>
                        
                        <div class="col-12 d-sm-none">
                        </div>
                        </div>
                        </div>
                        </div>
                        </div>
                        <div class="col-12 col-sm-3 col-lg-2 productTile" data-idx="11">
                        
                        <script type="text/javascript">//<!--
                        /* <![CDATA[ */
                        (function(){
                        try {
                            if(window.CQuotient) {
                            var cq_params = {};
                            
                            cq_params.cookieId = window.CQuotient.getCQCookieId();
                            cq_params.userId = window.CQuotient.getCQUserId();
                            cq_params.emailId = CQuotient.getCQHashedEmail();
                            cq_params.loginId = CQuotient.getCQHashedLogin();
                            cq_params.accumulate = true;
                            cq_params.products = [{
                                id: '2305902',
                                sku: ''
                            }];
                            cq_params.categoryId = 'mercearias';
                            cq_params.refinements = '[{\"name\":\"priceMin\",\"value\":\"0.01\"},{\"name\":\"priceMax\",\"value\":\"null\"},{\"name\":\"curr\",\"value\":\"EUR\"},{\"name\":\"Category\",\"value\":\"mercearias\"}]';
                            cq_params.personalized = 'false';
                            cq_params.sortingRule = 'FOOD_Mercearia';
                            cq_params.imageUUID = '__UNDEFINED__';
                            cq_params.realm = "BDVS";
                            cq_params.siteId = "continente";
                            cq_params.instanceType = "prd";
                            cq_params.queryLocale = "default";
                            cq_params.locale = window.CQuotient.locale;
                            
                            if(window.CQuotient.sendActivity)
                                window.CQuotient.sendActivity(CQuotient.clientId, 'viewCategory', cq_params);
                            else
                                window.CQuotient.activities.push({
                                    activityType: 'viewCategory',
                                    parameters: cq_params
                                });
                          }
                        } catch(err) {}
                        })();
                        /* ]]> */
                        // -->
                        </script>
                        <script type="text/javascript">//<!--
                        /* <![CDATA[ (viewCategoryProduct-active_data.js) */
                        (function(){
                        try {
                            if (dw.ac) {
                                var search_params = {};
                                search_params.persd = 'false';
                                search_params.refs = '[{\"name\":\"priceMin\",\"value\":\"0.01\"},{\"name\":\"priceMax\",\"value\":\"null\"},{\"name\":\"curr\",\"value\":\"EUR\"},{\"name\":\"Category\",\"value\":\"mercearias\"}]';
                                search_params.sort = 'FOOD_Mercearia';
                                search_params.imageUUID = '';
                                search_params.searchID = 'afeeff71-841d-471a-a4b6-1885a5ac2689';
                                search_params.locale = 'default';
                                search_params.queryLocale = 'default';
                                search_params.showProducts = 'true';
                                dw.ac.applyContext({category: "mercearias", searchData: search_params});
                                if (typeof dw.ac._scheduleDataSubmission === "function") {
                                    dw.ac._scheduleDataSubmission();
                                }
                            }
                        } catch(err) {}
                        })();
                        /* ]]> */
                        // -->
                        </script>
                        <script type="text/javascript">//<!--
                        /* <![CDATA[ (viewProduct-active_data.js) */
                        dw.ac._capture({id: "2305902", type: "searchhit"});
                        /* ]]> */
                        // -->
                        </script>
                        <div class="product" data-pid="2305902">
                        <div class="product-tile pid-2305902 ct-product-tile data-layer-pushed" data-delay-time="3000" data-variants-mapping="[]" data-in-cart-msg="no carrinho" data-one-product-added="Adicionado ao carrinho" data-remove-from-cart-msg="Removido do carrinho" data-stay-open="6000.0" data-product-tile-impression="{&quot;name&quot;:&quot;2305902&quot;,&quot;id&quot;:&quot;2305902&quot;,&quot;price&quot;:1.19,&quot;brand&quot;:&quot;Cigala&quot;,&quot;category&quot;:[{&quot;category_level_1&quot;:&quot;Mercearia&quot;},{&quot;category_level_2&quot;:&quot;Arroz, Massa e Farinha&quot;},{&quot;category_level_3&quot;:&quot;Arroz&quot;}],&quot;variant&quot;:&quot;&quot;}">
                        <div class="ct-inner-tile-wrap row no-gutters justify-content-center align-content-start">
                        <div class="ct-product-tile-badge ct-product-tile-badge--promotional">
                        <img class="img-fluid lazyloaded" loading="lazy" data-src="https://www.continente.pt/dw/image/v2/BDVS_PRD/on/demandware.static/-/Sites-continente-Library/default/dwf5980f2e/images/badges/pvpr/col/pvpr.png?sw=60&amp;sh=42" alt="PVP Recomendado: €1,49/un" title="PVP Recomendado: €1,49/un" src="https://www.continente.pt/dw/image/v2/BDVS_PRD/on/demandware.static/-/Sites-continente-Library/default/dwf5980f2e/images/badges/pvpr/col/pvpr.png?sw=60&amp;sh=42">
                        <div class="ct-product-tile-badge-value-wrapper ct-product-tile-badge-value-wrapper--pvpr  ">
                        <span class="ct-product-tile-badge-value--pvpr">
                        20
                        </span>
                        <span class="ct-product-tile-badge-value--pvpr-quantifier ">
                        %
                        </span>
                        </div>
                        </div>
                        
                        <div class="ct-image-container col-4 col-sm" data-confirmation-image="{&quot;url&quot;:&quot;https://www.continente.pt/dw/image/v2/BDVS_PRD/on/demandware.static/-/Sites-col-master-catalog/default/dw3be01bc5/images/col/230/2305902-frente.jpg?sw=87&amp;sh=80&quot;,&quot;fallbackimage&quot;:{&quot;url&quot;:&quot;https://www.continente.pt/dw/image/v2/BDVS_PRD/on/demandware.static/Sites-continente-Site/-/default/dw7c42b4da/images/noimagelarge_product.png?sw=87&amp;sh=80&quot;,&quot;title&quot;:&quot;Arroz Agulha&quot;,&quot;alt&quot;:&quot;Arroz Agulha&quot;},&quot;title&quot;:&quot;Arroz Agulha&quot;,&quot;alt&quot;:&quot;Arroz Agulha&quot;}">
                        <a href="https://www.continente.pt/produto/arroz-agulha-cigala-2305902.html?cgid=mercearias">
                        <picture class="intrinsic intrinsic--square">
                        <img class="ct-tile-image lazyloaded" loading="lazy" onerror="this.onerror=null;this.src='/on/demandware.static/Sites-continente-Site/-/default/dw7c42b4da/images/noimagelarge_product.png';" data-src="https://www.continente.pt/dw/image/v2/BDVS_PRD/on/demandware.static/-/Sites-col-master-catalog/default/dw3be01bc5/images/col/230/2305902-frente.jpg?sw=280&amp;sh=280" alt="Arroz Agulha" title="Arroz Agulha" src="https://www.continente.pt/dw/image/v2/BDVS_PRD/on/demandware.static/-/Sites-col-master-catalog/default/dw3be01bc5/images/col/230/2305902-frente.jpg?sw=280&amp;sh=280">
                        </picture>
                        </a>
                        <div class="color-swatches d-flex" style="margin-left: 5px;">
                        <div class="swatches d-flex">
                        </div>
                        </div>
                        </div>
                        <div class="ct-tile-body col col-sm-auto ">
                        <div class="ct-pdp-details">
                        <div class="ct-pdp-link">
                        <a class="ct-tile--description" href="https://www.continente.pt/produto/arroz-agulha-cigala-2305902.html?cgid=mercearias">Arroz Agulha</a>
                        <div class="ct-tile--favorite-top d-sm-none">
                        <button class="wishlist-toggler guest-mode inactive button button--tertiary" data-pid="2305902" data-add-url="https://www.continente.pt/on/demandware.store/Sites-continente-Site/default/Wishlist-AddProduct?pid=2305902" data-toggle="tooltip" aria-label="Adicionar aos favoritos " data-original-title="Adicionar aos favoritos" data-placement="top">
                        <svg class="active-content" width="100%" height="100%" viewBox="0 0 20 22" fill="none" xmlns="http://www.w3.org/2000/svg">
                        <path fill-rule="evenodd" clip-rule="evenodd" d="M0 1.53052C0 0.685236 0.692171 0 1.54601 0H15.0736C15.9274 0 16.6196 0.685235 16.6196 1.53052V13.4064L15.8127 13.922L14.2658 14.2658L12.7189 13.4064L10.6054 14.3818C10.4994 14.2451 10.3327 14.157 10.1452 14.157H6.76329C6.4431 14.157 6.18354 14.414 6.18354 14.731C6.18354 15.0479 6.4431 15.3049 6.76329 15.3049H10.1452C10.2478 15.3049 10.3441 15.2785 10.4277 15.2322L10.3126 16.8439L13.2345 20.2793H1.54601C0.69217 20.2793 0 19.5941 0 18.7488V1.53052ZM6.18354 5.5483C6.18354 5.23132 6.4431 4.97436 6.76329 4.97436H12.3676C12.6878 4.97436 12.9473 5.23132 12.9473 5.5483C12.9473 5.86528 12.6878 6.12224 12.3676 6.12224H6.76329C6.4431 6.12224 6.18354 5.86528 6.18354 5.5483ZM6.76329 11.0961C6.4431 11.0961 6.18354 11.3531 6.18354 11.6701C6.18354 11.987 6.4431 12.244 6.76329 12.244H12.3676C12.6878 12.244 12.9473 11.987 12.9473 11.6701C12.9473 11.3531 12.6878 11.0961 12.3676 11.0961H6.76329ZM6.18354 8.60985C6.18354 8.29287 6.4431 8.03591 6.76329 8.03591H12.3676C12.6878 8.03591 12.9473 8.29287 12.9473 8.60985C12.9473 8.92684 12.6878 9.1838 12.3676 9.1838H6.76329C6.4431 9.1838 6.18354 8.92684 6.18354 8.60985ZM3.67118 5.5483C3.67118 5.23132 3.93075 4.97436 4.25093 4.97436H4.63743C4.95762 4.97436 5.21719 5.23132 5.21719 5.5483C5.21719 5.86528 4.95762 6.12224 4.63743 6.12224H4.25093C3.93075 6.12224 3.67118 5.86528 3.67118 5.5483ZM4.25093 11.0961C3.93075 11.0961 3.67118 11.3531 3.67118 11.6701C3.67118 11.987 3.93075 12.244 4.25093 12.244H4.63743C4.95762 12.244 5.21719 11.987 5.21719 11.6701C5.21719 11.3531 4.95762 11.0961 4.63743 11.0961H4.25093ZM3.67118 8.60985C3.67118 8.29287 3.93075 8.03591 4.25093 8.03591H4.63743C4.95762 8.03591 5.21719 8.29287 5.21719 8.60985C5.21719 8.92684 4.95762 9.1838 4.63743 9.1838H4.25093C3.93075 9.1838 3.67118 8.92684 3.67118 8.60985ZM4.25093 14.157C3.93075 14.157 3.67118 14.414 3.67118 14.731C3.67118 15.0479 3.93075 15.3049 4.25093 15.3049H4.63743C4.95762 15.3049 5.21719 15.0479 5.21719 14.731C5.21719 14.414 4.95762 14.157 4.63743 14.157H4.25093Z" fill="#EB0203"></path>
                        <path fill-rule="evenodd" clip-rule="evenodd" d="M14.6252 13.6363C13.4918 12.6215 11.7817 12.5264 10.6569 13.4792C9.12421 14.7764 9.34841 16.8912 10.4409 18.0122L14.0159 21.6742C14.2197 21.8832 14.4928 22 14.7822 22C15.0737 22 15.3448 21.8852 15.5486 21.6762L19.1236 18.0142C20.214 16.8933 20.4423 14.7785 18.9075 13.4792C17.7827 12.5283 16.0724 12.6217 14.9391 13.6365C14.8855 13.6845 14.8331 13.7345 14.7822 13.7866C14.7313 13.7345 14.6789 13.6843 14.6252 13.6363ZM18.1546 14.3522C19.0973 15.1508 18.9962 16.4896 18.2891 17.2173C18.2888 17.2175 18.2886 17.2177 18.2884 17.218L14.7832 20.8084L11.2753 17.2151C11.2752 17.215 11.2751 17.2149 11.2749 17.2148C10.5677 16.4887 10.4678 15.1495 11.4104 14.3518L11.4108 14.3514C12.0745 13.7892 13.2018 13.82 13.9488 14.5846L14.7822 15.4378L15.6157 14.5846C16.3617 13.8211 17.4896 13.79 18.1545 14.3521" fill="#EB0203"></path>
                        </svg>
                        <svg class="inactive-content" width="100%" height="100%" viewBox="0 0 20 23" fill="none" xmlns="http://www.w3.org/2000/svg">
                        <path fill-rule="evenodd" clip-rule="evenodd" d="M6.18408 5.77914C6.18408 5.46223 6.44363 5.20532 6.7638 5.20532H12.3678C12.6879 5.20532 12.9475 5.46223 12.9475 5.77914C12.9475 6.09606 12.6879 6.35297 12.3678 6.35297H6.7638C6.44363 6.35297 6.18408 6.09606 6.18408 5.77914Z" fill="#EB0203"></path>
                        <path fill-rule="evenodd" clip-rule="evenodd" d="M6.18408 11.9034C6.18408 11.5865 6.44363 11.3296 6.7638 11.3296H12.3678C12.6879 11.3296 12.9475 11.5865 12.9475 11.9034C12.9475 12.2202 12.6879 12.4771 12.3678 12.4771H6.7638C6.44363 12.4771 6.18408 12.2202 6.18408 11.9034Z" fill="#EB0203"></path>
                        <path fill-rule="evenodd" clip-rule="evenodd" d="M6.18408 8.84116C6.18408 8.52424 6.44363 8.26733 6.7638 8.26733H12.3678C12.6879 8.26733 12.9475 8.52424 12.9475 8.84116C12.9475 9.15807 12.6879 9.41498 12.3678 9.41498H6.7638C6.44363 9.41498 6.18408 9.15807 6.18408 8.84116Z" fill="#EB0203"></path>
                        <path fill-rule="evenodd" clip-rule="evenodd" d="M6.18408 14.9655C6.18408 14.6486 6.44363 14.3917 6.7638 14.3917H10.1455C10.4657 14.3917 10.7252 14.6486 10.7252 14.9655C10.7252 15.2825 10.4657 15.5394 10.1455 15.5394H6.7638C6.44363 15.5394 6.18408 15.2825 6.18408 14.9655Z" fill="#EB0203"></path>
                        <path fill-rule="evenodd" clip-rule="evenodd" d="M3.67139 5.77914C3.67139 5.46223 3.93094 5.20532 4.25111 5.20532H4.63759C4.95776 5.20532 5.21731 5.46223 5.21731 5.77914C5.21731 6.09606 4.95776 6.35297 4.63759 6.35297H4.25111C3.93094 6.35297 3.67139 6.09606 3.67139 5.77914Z" fill="#EB0203"></path>
                        <path fill-rule="evenodd" clip-rule="evenodd" d="M3.67139 11.9034C3.67139 11.5865 3.93094 11.3296 4.25111 11.3296H4.63759C4.95776 11.3296 5.21731 11.5865 5.21731 11.9034C5.21731 12.2202 4.95776 12.4771 4.63759 12.4771H4.25111C3.93094 12.4771 3.67139 12.2202 3.67139 11.9034Z" fill="#EB0203"></path>
                        <path fill-rule="evenodd" clip-rule="evenodd" d="M3.67139 8.84116C3.67139 8.52424 3.93094 8.26733 4.25111 8.26733H4.63759C4.95776 8.26733 5.21731 8.52424 5.21731 8.84116C5.21731 9.15807 4.95776 9.41498 4.63759 9.41498H4.25111C3.93094 9.41498 3.67139 9.15807 3.67139 8.84116Z" fill="#EB0203"></path>
                        <path fill-rule="evenodd" clip-rule="evenodd" d="M3.67139 14.9655C3.67139 14.6486 3.93094 14.3917 4.25111 14.3917H4.63759C4.95776 14.3917 5.21731 14.6486 5.21731 14.9655C5.21731 15.2825 4.95776 15.5394 4.63759 15.5394H4.25111C3.93094 15.5394 3.67139 15.2825 3.67139 14.9655Z" fill="#EB0203"></path>
                        <path fill-rule="evenodd" clip-rule="evenodd" d="M0 1.76033C0 0.914738 0.692131 0.229248 1.54592 0.229248H15.0727C15.9265 0.229248 16.6186 0.914738 16.6186 1.76033V11.2818C16.6186 11.5989 16.3591 11.8559 16.0389 11.8559C15.7187 11.8559 15.4592 11.5989 15.4592 11.2818V1.76033C15.4592 1.54893 15.2862 1.37756 15.0727 1.37756H1.54592C1.33247 1.37756 1.15944 1.54893 1.15944 1.76033V18.985C1.15944 19.1964 1.33247 19.3678 1.54592 19.3678H9.27551C9.59568 19.3678 9.85523 19.6249 9.85523 19.942C9.85523 20.2591 9.59568 20.5161 9.27551 20.5161H1.54592C0.692131 20.5161 0 19.8306 0 18.985V1.76033Z" fill="#EB0203"></path>
                        <path fill-rule="evenodd" clip-rule="evenodd" d="M14.6254 13.8718C13.4921 12.8567 11.7821 12.7615 10.6574 13.7147C9.12472 15.0124 9.34891 17.128 10.4413 18.2493L14.0161 21.9126C14.2199 22.1217 14.493 22.2386 14.7824 22.2386C15.0739 22.2386 15.3449 22.1238 15.5487 21.9147L19.1235 18.2514C20.2139 17.13 20.4422 15.0144 18.9075 13.7147C17.7827 12.7634 16.0726 12.8569 14.9392 13.872C14.8856 13.92 14.8333 13.9701 14.7824 14.0222C14.7314 13.97 14.6791 13.9199 14.6254 13.8718ZM18.1546 14.588C19.0972 15.3869 18.9961 16.7262 18.2891 17.4541C18.2888 17.4543 18.2886 17.4546 18.2884 17.4548L14.7834 21.0466L11.2757 17.452C11.2756 17.4519 11.2755 17.4517 11.2753 17.4516C10.5681 16.7252 10.4682 15.3856 11.4108 14.5876L11.4112 14.5872C12.0748 14.0248 13.202 14.0556 13.949 14.8205L14.7824 15.674L15.6158 14.8205C16.3618 14.0567 17.4896 14.0256 18.1545 14.5879" fill="#EB0203"></path>
                        </svg>
                        </button>
                        </div>
                        </div>
                        <p class="ct-tile--brand">Cigala</p>
                         <p class="ct-tile--quantity">emb. 1 kg</p>
                        </div>
                        <div class="ct-tile-bottom row no-gutters justify-content-between">
                        <div class="ct-price-wrap col-8 col-sm-12">
                        <div class="price js-product-price">
                        <div class="prices-wrapper">
                        <span class="sales ct-tile--price-primary ">
                        <span class="value" content="1.19">
                        <span class="ct-price-formatted">
                        €1,19
                        </span>
                        <span class="ct-m-unit">
                        /un
                        </span>
                        </span>
                        </span>
                        </div>
                        <div class="ct-tile--price-secondary">
                        <span class="ct-price-value">
                        €1,19
                        </span>
                        <span class="ct-m-unit">
                        /kg
                        </span>
                        </div>
                        <p class="ct-discount-amount ct-discount-amount-pvpr">PVP Recomendado: €1,49/un</p>
                        </div>
                        </div>
                        <div class="ct-tile-buy-section d-flex justify-content-center no-gutters col-auto col-sm-12">
                        <div class="col-2 d-sm-flex d-none">
                        <button class="wishlist-toggler guest-mode inactive button button--tertiary" data-pid="2305902" data-add-url="https://www.continente.pt/on/demandware.store/Sites-continente-Site/default/Wishlist-AddProduct?pid=2305902" data-toggle="tooltip" aria-label="Adicionar aos favoritos " data-original-title="Adicionar aos favoritos" data-placement="top">
                        <svg class="active-content" width="100%" height="100%" viewBox="0 0 20 22" fill="none" xmlns="http://www.w3.org/2000/svg">
                        <path fill-rule="evenodd" clip-rule="evenodd" d="M0 1.53052C0 0.685236 0.692171 0 1.54601 0H15.0736C15.9274 0 16.6196 0.685235 16.6196 1.53052V13.4064L15.8127 13.922L14.2658 14.2658L12.7189 13.4064L10.6054 14.3818C10.4994 14.2451 10.3327 14.157 10.1452 14.157H6.76329C6.4431 14.157 6.18354 14.414 6.18354 14.731C6.18354 15.0479 6.4431 15.3049 6.76329 15.3049H10.1452C10.2478 15.3049 10.3441 15.2785 10.4277 15.2322L10.3126 16.8439L13.2345 20.2793H1.54601C0.69217 20.2793 0 19.5941 0 18.7488V1.53052ZM6.18354 5.5483C6.18354 5.23132 6.4431 4.97436 6.76329 4.97436H12.3676C12.6878 4.97436 12.9473 5.23132 12.9473 5.5483C12.9473 5.86528 12.6878 6.12224 12.3676 6.12224H6.76329C6.4431 6.12224 6.18354 5.86528 6.18354 5.5483ZM6.76329 11.0961C6.4431 11.0961 6.18354 11.3531 6.18354 11.6701C6.18354 11.987 6.4431 12.244 6.76329 12.244H12.3676C12.6878 12.244 12.9473 11.987 12.9473 11.6701C12.9473 11.3531 12.6878 11.0961 12.3676 11.0961H6.76329ZM6.18354 8.60985C6.18354 8.29287 6.4431 8.03591 6.76329 8.03591H12.3676C12.6878 8.03591 12.9473 8.29287 12.9473 8.60985C12.9473 8.92684 12.6878 9.1838 12.3676 9.1838H6.76329C6.4431 9.1838 6.18354 8.92684 6.18354 8.60985ZM3.67118 5.5483C3.67118 5.23132 3.93075 4.97436 4.25093 4.97436H4.63743C4.95762 4.97436 5.21719 5.23132 5.21719 5.5483C5.21719 5.86528 4.95762 6.12224 4.63743 6.12224H4.25093C3.93075 6.12224 3.67118 5.86528 3.67118 5.5483ZM4.25093 11.0961C3.93075 11.0961 3.67118 11.3531 3.67118 11.6701C3.67118 11.987 3.93075 12.244 4.25093 12.244H4.63743C4.95762 12.244 5.21719 11.987 5.21719 11.6701C5.21719 11.3531 4.95762 11.0961 4.63743 11.0961H4.25093ZM3.67118 8.60985C3.67118 8.29287 3.93075 8.03591 4.25093 8.03591H4.63743C4.95762 8.03591 5.21719 8.29287 5.21719 8.60985C5.21719 8.92684 4.95762 9.1838 4.63743 9.1838H4.25093C3.93075 9.1838 3.67118 8.92684 3.67118 8.60985ZM4.25093 14.157C3.93075 14.157 3.67118 14.414 3.67118 14.731C3.67118 15.0479 3.93075 15.3049 4.25093 15.3049H4.63743C4.95762 15.3049 5.21719 15.0479 5.21719 14.731C5.21719 14.414 4.95762 14.157 4.63743 14.157H4.25093Z" fill="#EB0203"></path>
                        <path fill-rule="evenodd" clip-rule="evenodd" d="M14.6252 13.6363C13.4918 12.6215 11.7817 12.5264 10.6569 13.4792C9.12421 14.7764 9.34841 16.8912 10.4409 18.0122L14.0159 21.6742C14.2197 21.8832 14.4928 22 14.7822 22C15.0737 22 15.3448 21.8852 15.5486 21.6762L19.1236 18.0142C20.214 16.8933 20.4423 14.7785 18.9075 13.4792C17.7827 12.5283 16.0724 12.6217 14.9391 13.6365C14.8855 13.6845 14.8331 13.7345 14.7822 13.7866C14.7313 13.7345 14.6789 13.6843 14.6252 13.6363ZM18.1546 14.3522C19.0973 15.1508 18.9962 16.4896 18.2891 17.2173C18.2888 17.2175 18.2886 17.2177 18.2884 17.218L14.7832 20.8084L11.2753 17.2151C11.2752 17.215 11.2751 17.2149 11.2749 17.2148C10.5677 16.4887 10.4678 15.1495 11.4104 14.3518L11.4108 14.3514C12.0745 13.7892 13.2018 13.82 13.9488 14.5846L14.7822 15.4378L15.6157 14.5846C16.3617 13.8211 17.4896 13.79 18.1545 14.3521" fill="#EB0203"></path>
                        </svg>
                        <svg class="inactive-content" width="100%" height="100%" viewBox="0 0 20 23" fill="none" xmlns="http://www.w3.org/2000/svg">
                        <path fill-rule="evenodd" clip-rule="evenodd" d="M6.18408 5.77914C6.18408 5.46223 6.44363 5.20532 6.7638 5.20532H12.3678C12.6879 5.20532 12.9475 5.46223 12.9475 5.77914C12.9475 6.09606 12.6879 6.35297 12.3678 6.35297H6.7638C6.44363 6.35297 6.18408 6.09606 6.18408 5.77914Z" fill="#EB0203"></path>
                        <path fill-rule="evenodd" clip-rule="evenodd" d="M6.18408 11.9034C6.18408 11.5865 6.44363 11.3296 6.7638 11.3296H12.3678C12.6879 11.3296 12.9475 11.5865 12.9475 11.9034C12.9475 12.2202 12.6879 12.4771 12.3678 12.4771H6.7638C6.44363 12.4771 6.18408 12.2202 6.18408 11.9034Z" fill="#EB0203"></path>
                        <path fill-rule="evenodd" clip-rule="evenodd" d="M6.18408 8.84116C6.18408 8.52424 6.44363 8.26733 6.7638 8.26733H12.3678C12.6879 8.26733 12.9475 8.52424 12.9475 8.84116C12.9475 9.15807 12.6879 9.41498 12.3678 9.41498H6.7638C6.44363 9.41498 6.18408 9.15807 6.18408 8.84116Z" fill="#EB0203"></path>
                        <path fill-rule="evenodd" clip-rule="evenodd" d="M6.18408 14.9655C6.18408 14.6486 6.44363 14.3917 6.7638 14.3917H10.1455C10.4657 14.3917 10.7252 14.6486 10.7252 14.9655C10.7252 15.2825 10.4657 15.5394 10.1455 15.5394H6.7638C6.44363 15.5394 6.18408 15.2825 6.18408 14.9655Z" fill="#EB0203"></path>
                        <path fill-rule="evenodd" clip-rule="evenodd" d="M3.67139 5.77914C3.67139 5.46223 3.93094 5.20532 4.25111 5.20532H4.63759C4.95776 5.20532 5.21731 5.46223 5.21731 5.77914C5.21731 6.09606 4.95776 6.35297 4.63759 6.35297H4.25111C3.93094 6.35297 3.67139 6.09606 3.67139 5.77914Z" fill="#EB0203"></path>
                        <path fill-rule="evenodd" clip-rule="evenodd" d="M3.67139 11.9034C3.67139 11.5865 3.93094 11.3296 4.25111 11.3296H4.63759C4.95776 11.3296 5.21731 11.5865 5.21731 11.9034C5.21731 12.2202 4.95776 12.4771 4.63759 12.4771H4.25111C3.93094 12.4771 3.67139 12.2202 3.67139 11.9034Z" fill="#EB0203"></path>
                        <path fill-rule="evenodd" clip-rule="evenodd" d="M3.67139 8.84116C3.67139 8.52424 3.93094 8.26733 4.25111 8.26733H4.63759C4.95776 8.26733 5.21731 8.52424 5.21731 8.84116C5.21731 9.15807 4.95776 9.41498 4.63759 9.41498H4.25111C3.93094 9.41498 3.67139 9.15807 3.67139 8.84116Z" fill="#EB0203"></path>
                        <path fill-rule="evenodd" clip-rule="evenodd" d="M3.67139 14.9655C3.67139 14.6486 3.93094 14.3917 4.25111 14.3917H4.63759C4.95776 14.3917 5.21731 14.6486 5.21731 14.9655C5.21731 15.2825 4.95776 15.5394 4.63759 15.5394H4.25111C3.93094 15.5394 3.67139 15.2825 3.67139 14.9655Z" fill="#EB0203"></path>
                        <path fill-rule="evenodd" clip-rule="evenodd" d="M0 1.76033C0 0.914738 0.692131 0.229248 1.54592 0.229248H15.0727C15.9265 0.229248 16.6186 0.914738 16.6186 1.76033V11.2818C16.6186 11.5989 16.3591 11.8559 16.0389 11.8559C15.7187 11.8559 15.4592 11.5989 15.4592 11.2818V1.76033C15.4592 1.54893 15.2862 1.37756 15.0727 1.37756H1.54592C1.33247 1.37756 1.15944 1.54893 1.15944 1.76033V18.985C1.15944 19.1964 1.33247 19.3678 1.54592 19.3678H9.27551C9.59568 19.3678 9.85523 19.6249 9.85523 19.942C9.85523 20.2591 9.59568 20.5161 9.27551 20.5161H1.54592C0.692131 20.5161 0 19.8306 0 18.985V1.76033Z" fill="#EB0203"></path>
                        <path fill-rule="evenodd" clip-rule="evenodd" d="M14.6254 13.8718C13.4921 12.8567 11.7821 12.7615 10.6574 13.7147C9.12472 15.0124 9.34891 17.128 10.4413 18.2493L14.0161 21.9126C14.2199 22.1217 14.493 22.2386 14.7824 22.2386C15.0739 22.2386 15.3449 22.1238 15.5487 21.9147L19.1235 18.2514C20.2139 17.13 20.4422 15.0144 18.9075 13.7147C17.7827 12.7634 16.0726 12.8569 14.9392 13.872C14.8856 13.92 14.8333 13.9701 14.7824 14.0222C14.7314 13.97 14.6791 13.9199 14.6254 13.8718ZM18.1546 14.588C19.0972 15.3869 18.9961 16.7262 18.2891 17.4541C18.2888 17.4543 18.2886 17.4546 18.2884 17.4548L14.7834 21.0466L11.2757 17.452C11.2756 17.4519 11.2755 17.4517 11.2753 17.4516C10.5681 16.7252 10.4682 15.3856 11.4108 14.5876L11.4112 14.5872C12.0748 14.0248 13.202 14.0556 13.949 14.8205L14.7824 15.674L15.6158 14.8205C16.3618 14.0567 17.4896 14.0256 18.1545 14.5879" fill="#EB0203"></path>
                        </svg>
                        </button>
                        </div>
                        <div class="col-sm-10 col-12">
                        <div class="ct-tile-quantity d-none" data-pid="2305902">
                        <input type="hidden" class="add-to-cart-url" value="https://www.continente.pt/on/demandware.store/Sites-continente-Site/default/Cart-AddProduct">
                        <div class="d-none tile-delete-confirmation-btn" data-pid="2305902" data-delay-time="3000" data-in-cart-msg="no carrinho" data-one-product-added="Adicionado ao carrinho" data-remove-from-cart-msg="Removido do carrinho" data-stay-open="6000.0" data-confirmation-image="{&quot;url&quot;:&quot;https://www.continente.pt/dw/image/v2/BDVS_PRD/on/demandware.static/-/Sites-col-master-catalog/default/dw3be01bc5/images/col/230/2305902-frente.jpg?sw=87&amp;sh=80&quot;,&quot;fallbackimage&quot;:{&quot;url&quot;:&quot;https://www.continente.pt/dw/image/v2/BDVS_PRD/on/demandware.static/Sites-continente-Site/-/default/dw7c42b4da/images/noimagelarge_product.png?sw=87&amp;sh=80&quot;,&quot;title&quot;:&quot;Arroz Agulha&quot;,&quot;alt&quot;:&quot;Arroz Agulha&quot;},&quot;title&quot;:&quot;Arroz Agulha&quot;,&quot;alt&quot;:&quot;Arroz Agulha&quot;}"></div>
                        <div class="ct-tile-quantity-update quantity-update product-qty-vue" data-remove-action="https://www.continente.pt/on/demandware.store/Sites-continente-Site/default/Cart-RemoveProductLineItem" data-action="https://www.continente.pt/on/demandware.store/Sites-continente-Site/default/Cart-UpdateQuantity" data-dimension-update="https://www.continente.pt/on/demandware.store/Sites-continente-Site/default/Cart-DimensionUpdate" data-pid="2305902" data-uuid="56ae54905fcc8dd7df55b6c87e" data-add-delay="500.0" data-measure-options="{&quot;hasConversionRate&quot;:false,&quot;hasAlternativeSaleUnit&quot;:false,&quot;unitConversionRate&quot;:null,&quot;minOrderQuantity&quot;:1,&quot;stepQuantity&quot;:1,&quot;primaryunit&quot;:&quot;un&quot;,&quot;secondaryunit&quot;:&quot;kg&quot;,&quot;selectedunit&quot;:&quot;primary&quot;,&quot;maxNumberOfUnitsPerSale&quot;:50}" data-price-available="null" :data-has-error="isMaxQtyReached || isMinQtyReached || qtySelectedMoreThanOne">
                        <template v-show="prodUnits">
                        <div class="quantity-input-wrapper has-units">
                        <label class="visually-hidden" :for="'quantity-' + pid + additionalTag">
                        Quantidade no carrinho
                        </label>
                        <input :ref="'quantityInput-' + pid + additionalTag" class="add-to-cart-quantity form-control ct-form-input text-center" inputmode="numeric" :class="{'is-invalid': isInvalid}" :data-pid="pid + additionalTag" :name="'quantity-' + pid + additionalTag" type="text" aria-label="Insira a quantidade" title="" v-model="displayValue" @change="updateQuantity" @focus="updateQtyFormat" @blur="restoreQtyFormat" :disabled="!isPriceAvailable">
                        <span class="quantity-icon quantity-icon--minus">
                         <button class="decrease-quantity-btn" @click="updateQuantity" :disabled="!isPriceAvailable" role="button" aria-label="Reduzir quantidade">
                        <i class="css-math-minus"></i>
                        </button>
                        </span>
                        <span class="quantity-icon quantity-icon--plus">
                        <button class="increase-quantity-btn" @click="updateQuantity" :disabled="isMaxQtyReached || !isPriceAvailable" role="button" aria-label="Aumentar quantidade">
                        <i class="css-math-plus"></i>
                        </button>
                        <span class="quantity-btn-disabled-placeholder"></span>
                        </span>
                        <template v-if="isPDP">
                        <span class="quantity-error ct-span-error text-sm-center product-max-allocation" v-if="isMaxQtyReached">
                        Quantidade máxima atingida
                        </span>
                        <span class="quantity-error ct-span-product text-sm-center product-allocation" v-if="!isMinQtyReached &amp;&amp; !isMaxQtyReached">
                        {{quantitySelected}} no carrinho
                        </span>
                        <span class="quantity-error ct-span-error text-sm-center product-min-allocation" :data-pid="pid" v-if="isMinQtyReached &amp;&amp; !isMaxQtyReached">
                        Quantidade mínima atingida
                        </span>
                        </template>
                        </div>
                        <template v-if="showNotes">
                        <div class="add-note-link-container ">
                        <div class="add-note">
                        <a href="/produto/arroz-agulha-cigala-2305902.html?showNote=true" class="ct-add-note-redirect-pdp" aria-label="Adicionar comentário">
                        <span class="svg-wrapper svg-icon-notes" style="width:19px; height:20px">
                        <svg class="svg-inline icon-notes" viewBox="0 0 28 30" xmlns="http://www.w3.org/2000/svg" width="100%" height="100%"><path d="M21.738 0C22.985 0 24 1.04 24 2.319V12.47c0 .469-.37.848-.828.848-.457 0-.827-.38-.827-.848V2.32c0-.343-.273-.622-.607-.622H2.262c-.334 0-.607.279-.607.622V27.68c0 .343.273.622.607.622h7.81c.457 0 .827.38.827.849 0 .468-.37.848-.827.848h-7.81C1.015 30 0 28.96 0 27.681V2.32C0 1.04 1.015 0 2.262 0h19.476zm2.844 16.004l.227.007c.823.053 1.589.39 2.176.964.64.627.993 1.46.993 2.349 0 .888-.353 1.722-.993 2.348l-6.83 6.665c-.11.108-.247.186-.397.226l-5.032 1.363c-.078.021-.16.032-.241.032-.242 0-.478-.097-.647-.266-.23-.231-.314-.566-.218-.874l1.49-4.798c.044-.139.122-.266.227-.369l6.844-6.677c.64-.625 1.493-.97 2.401-.97zm-2.886 3.94l-4.922 4.802-.947 3.048 3.22-.872 4.897-4.78-2.248-2.197zm2.887-2.174c-.425 0-.824.162-1.124.455l-.484.472 2.248 2.197.484-.472c.62-.606.62-1.591 0-2.197l-.117-.104c-.283-.227-.636-.35-1.007-.35zm-10.839.022c.498 0 .904.396.904.883 0 .488-.406.884-.904.884H5.946c-.499 0-.904-.396-.904-.884 0-.487.405-.883.904-.883zm5.042-4.876c.498 0 .904.397.904.884s-.406.884-.904.884H5.946c-.499 0-.904-.397-.904-.884s.405-.884.904-.884zm0-4.875c.498 0 .904.396.904.884 0 .487-.406.883-.904.883H5.946c-.499 0-.904-.396-.904-.883 0-.488.405-.884.904-.884z" fill="#EB0203" fill-rule="evenodd"></path></svg>
                        </span>
                        <div class="available-note d-none"></div>
                        </a>
                        </div>
                        </div>
                        </template>
                        <div class="measurement-unit-section" v-if="isPriceAvailable &amp;&amp; prodUnits ? prodUnits.hasAlternativeUnit : false">
                        <div class="ct-form-radio" @click="setDimension">
                        <input type="radio" title="" class="ct-form-check-input product-measurement-unit" :data-type="prodUnits.selectedUnit == prodUnits.secondaryUnit ? 'primary' : ''" :id="prodUnits.secondaryUnit + '-' + pid + '-measurement-unit-ptile' + additionalTag" :name="'measurement-unit-' + pid + '-ptile' + additionalTag" :value="prodUnits.secondaryUnit" v-model="prodUnits.selectedUnit">
                        <label :class="prodUnits.secondaryUnit + '-label ct-form-check-label mb-0'" :for="prodUnits.secondaryUnit + '-' + pid + '-measurement-unit-ptile' + additionalTag">
                        {{prodUnits.secondaryUnit}}
                        </label>
                        <span class="checkmark"></span>
                        </div>
                        <div class="ct-form-radio" @click="setDimension">
                        <input type="radio" title="" class="ct-form-check-input product-measurement-unit" :data-type="prodUnits.selectedUnit == prodUnits.primaryUnit ? 'primary' : ''" :id="prodUnits.primaryUnit + '-' + pid + '-measurement-unit-ptile' + additionalTag" :name="'measurement-unit-' + pid + '-ptile' + additionalTag" :value="prodUnits.primaryUnit" v-model="prodUnits.selectedUnit">
                        <label :class="prodUnits.primaryUnit + '-label ct-form-check-label mb-0'" :for="prodUnits.primaryUnit + '-' + pid + '-measurement-unit-ptile' + additionalTag">
                        {{prodUnits.primaryUnit}}
                        </label>
                        <span class="checkmark"></span>
                        </div>
                        </div>
                        <template v-if="!isPDP &amp;&amp; isPriceAvailable">
                        <span class="quantity-error ct-span-error product-max-allocation" v-if="isMaxQtyReached">
                        Quantidade máxima atingida
                        </span>
                        <span class="quantity-error ct-span-product product-allocation" v-if="!isMinQtyReached &amp;&amp; !isMaxQtyReached">
                        {{quantitySelected}} no carrinho
                        </span>
                        <span class="quantity-error ct-span-error product-min-allocation" :data-pid="pid" v-if="isMinQtyReached &amp;&amp; !isMaxQtyReached">
                        Quantidade mínima atingida
                        </span>
                        </template>
                        </template>
                        </div>
                        <input class="quantity-value-mask d-none" name="quantity" type="number" min="0" value="">
                        </div>
                        <button type="button" class="add-to-cart button js-add-to-cart js-add-to-cart-tile 2305902 button--primary dynamic-layout-btn" data-toggle="modal" data-target="#chooseBonusProductModal" data-pid="2305902" data-quantity-value="null" aria-label="Carrinho">
                        <span class="d-block d-sm-none">
                        <span class="svg-wrapper svg-icon-cart" style="width:20px; height:20px">
                        <svg class="svg-inline icon-cart" xmlns="http://www.w3.org/2000/svg" viewBox="0 0 500 500" width="100%" height="100%"><path fill="#EB0203" fill-rule="evenodd" d="M 485.67317,94.386311 C 476.37798,83.847129 463.09468,78.03348 448.30404,78.03348 H 90.690813 L 87.079511,51.327997 C 83.185582,22.539551 62.962285,0 41.011841,0 H 14.727836 C 6.563151,0 0,6.5286975 0,14.580758 c 0,8.05206 6.5945535,14.580758 14.727836,14.580758 h 26.284005 c 4.710398,0 14.696435,9.855222 16.894619,26.021523 L 100.01739,368.0631 c 1.88416,13.77244 9.01256,26.70549 20.1605,36.37417 8.25889,7.15046 18.02511,11.9071 28.26237,13.89679 -4.17655,7.58572 -6.53175,16.25957 -6.53175,25.493 0,29.53459 24.27424,53.59751 54.13815,53.59751 29.8325,0 54.13814,-24.03184 54.13814,-53.59751 0,-8.79818 -2.19818,-17.09897 -5.9979,-24.43598 h 77.12488 c -3.79973,7.33701 -5.96652,15.6378 -5.96652,24.43598 0,29.53459 24.27424,53.59751 54.13817,53.59751 29.83249,0 54.13814,-24.03184 54.13814,-53.59751 0,-8.79818 -2.1982,-17.09897 -5.9979,-24.43598 h 38.56243 c 8.13328,0 14.72783,-6.5287 14.72783,-14.61183 0,-8.02098 -6.59455,-14.54967 -14.72783,-14.54967 H 159.24277 c -14.38241,0 -28.13677,-11.90711 -30.02092,-26.02153 l -3.07746,-22.88154 h 290.6314 c 14.03698,0 27.94834,-5.28513 39.06488,-14.95381 11.11652,-9.6376 18.27632,-22.57065 20.16048,-36.37417 l 21.10259,-156.78201 c 1.94694,-14.51858 -2.10398,-28.29103 -11.43057,-38.861299 z M 220.76053,443.82706 c 0,13.49265 -11.08513,24.46709 -24.68247,24.46709 -13.62874,0 -24.71387,-10.97444 -24.71387,-24.46709 0,-13.49262 11.08513,-24.43598 24.71387,-24.43598 13.59734,0 24.68247,10.94336 24.68247,24.43598 z m 173.43675,0 c 0,13.49265 -11.08512,24.46709 -24.68245,24.46709 -13.62876,0 -24.71388,-10.97444 -24.71388,-24.46709 0,-13.49262 11.08512,-24.43598 24.71388,-24.43598 13.59733,0 24.68245,10.94336 24.68245,24.43598 z m 73.7648,-314.46558 -21.13397,156.782 c -1.88416,14.11442 -15.63851,26.05261 -30.02091,26.05261 H 122.25046 L 94.616142,107.19499 H 448.33544 c 6.18632,0 11.61896,2.2695 15.23028,6.37326 3.64269,4.13484 5.21283,9.73086 4.39636,15.79323 z"></path></svg>
                        </span>
                        </span>
                        <span class="add-to-cart--text d-none d-sm-block">Carrinho</span>
                        </button>
                        </div>
                        </div>
                        </div>
                        </div>
                        
                        <div class="col-12 d-sm-none">
                        </div>
                        </div>
                        </div>
                        </div>
                        </div>
                        <div class="col-12 col-sm-3 col-lg-2 productTile" data-idx="12">
                        
                        <script type="text/javascript">//<!--
                        /* <![CDATA[ */
                        (function(){
                        try {
                            if(window.CQuotient) {
                            var cq_params = {};
                            
                            cq_params.cookieId = window.CQuotient.getCQCookieId();
                            cq_params.userId = window.CQuotient.getCQUserId();
                            cq_params.emailId = CQuotient.getCQHashedEmail();
                            cq_params.loginId = CQuotient.getCQHashedLogin();
                            cq_params.accumulate = true;
                            cq_params.products = [{
                                id: '4941044',
                                sku: ''
                            }];
                            cq_params.categoryId = 'mercearias';
                            cq_params.refinements = '[{\"name\":\"priceMin\",\"value\":\"0.01\"},{\"name\":\"priceMax\",\"value\":\"null\"},{\"name\":\"curr\",\"value\":\"EUR\"},{\"name\":\"Category\",\"value\":\"mercearias\"}]';
                            cq_params.personalized = 'false';
                            cq_params.sortingRule = 'FOOD_Mercearia';
                            cq_params.imageUUID = '__UNDEFINED__';
                            cq_params.realm = "BDVS";
                            cq_params.siteId = "continente";
                            cq_params.instanceType = "prd";
                            cq_params.queryLocale = "default";
                            cq_params.locale = window.CQuotient.locale;
                            
                            if(window.CQuotient.sendActivity)
                                window.CQuotient.sendActivity(CQuotient.clientId, 'viewCategory', cq_params);
                            else
                                window.CQuotient.activities.push({
                                    activityType: 'viewCategory',
                                    parameters: cq_params
                                });
                          }
                        } catch(err) {}
                        })();
                        /* ]]> */
                        // -->
                        </script>
                        <script type="text/javascript">//<!--
                        /* <![CDATA[ (viewCategoryProduct-active_data.js) */
                        (function(){
                        try {
                            if (dw.ac) {
                                var search_params = {};
                                search_params.persd = 'false';
                                search_params.refs = '[{\"name\":\"priceMin\",\"value\":\"0.01\"},{\"name\":\"priceMax\",\"value\":\"null\"},{\"name\":\"curr\",\"value\":\"EUR\"},{\"name\":\"Category\",\"value\":\"mercearias\"}]';
                                search_params.sort = 'FOOD_Mercearia';
                                search_params.imageUUID = '';
                                search_params.searchID = 'afeeff71-841d-471a-a4b6-1885a5ac2689';
                                search_params.locale = 'default';
                                search_params.queryLocale = 'default';
                                search_params.showProducts = 'true';
                                dw.ac.applyContext({category: "mercearias", searchData: search_params});
                                if (typeof dw.ac._scheduleDataSubmission === "function") {
                                    dw.ac._scheduleDataSubmission();
                                }
                            }
                        } catch(err) {}
                        })();
                        /* ]]> */
                        // -->
                        </script>
                        <script type="text/javascript">//<!--
                        /* <![CDATA[ (viewProduct-active_data.js) */
                        dw.ac._capture({id: "4941044", type: "searchhit"});
                        /* ]]> */
                        // -->
                        </script>
                        <div class="product" data-pid="4941044">
                        <div class="product-tile pid-4941044 ct-product-tile data-layer-pushed" data-delay-time="3000" data-variants-mapping="[]" data-in-cart-msg="no carrinho" data-one-product-added="Adicionado ao carrinho" data-remove-from-cart-msg="Removido do carrinho" data-stay-open="6000.0" data-product-tile-impression="{&quot;name&quot;:&quot;4941044&quot;,&quot;id&quot;:&quot;4941044&quot;,&quot;price&quot;:4.39,&quot;brand&quot;:&quot;Chocapic&quot;,&quot;category&quot;:[{&quot;category_level_1&quot;:&quot;Mercearia&quot;},{&quot;category_level_2&quot;:&quot;Cereais e Barras&quot;},{&quot;category_level_3&quot;:&quot;Barras de Cereais&quot;}],&quot;variant&quot;:&quot;&quot;}">
                        <div class="ct-inner-tile-wrap row no-gutters justify-content-center align-content-start">
                        
                        <div class="ct-image-container col-4 col-sm" data-confirmation-image="{&quot;url&quot;:&quot;https://www.continente.pt/dw/image/v2/BDVS_PRD/on/demandware.static/-/Sites-col-master-catalog/default/dwe6f48514/images/col/494/4941044-hero.jpg?sw=87&amp;sh=80&quot;,&quot;fallbackimage&quot;:{&quot;url&quot;:&quot;https://www.continente.pt/dw/image/v2/BDVS_PRD/on/demandware.static/Sites-continente-Site/-/default/dw7c42b4da/images/noimagelarge_product.png?sw=87&amp;sh=80&quot;,&quot;title&quot;:&quot;Barras de Cereais Chocapic&quot;,&quot;alt&quot;:&quot;Barras de Cereais Chocapic&quot;},&quot;title&quot;:&quot;Barras de Cereais Chocapic&quot;,&quot;alt&quot;:&quot;Barras de Cereais Chocapic&quot;}">
                        <a href="https://www.continente.pt/produto/barras-de-cereais-chocapic-chocapic-4941044.html?cgid=mercearias">
                        <picture class="intrinsic intrinsic--square">
                        <img class="ct-tile-image lazyloaded" loading="lazy" onerror="this.onerror=null;this.src='/on/demandware.static/Sites-continente-Site/-/default/dw7c42b4da/images/noimagelarge_product.png';" data-src="https://www.continente.pt/dw/image/v2/BDVS_PRD/on/demandware.static/-/Sites-col-master-catalog/default/dwe6f48514/images/col/494/4941044-hero.jpg?sw=280&amp;sh=280" alt="Barras de Cereais Chocapic" title="Barras de Cereais Chocapic" src="https://www.continente.pt/dw/image/v2/BDVS_PRD/on/demandware.static/-/Sites-col-master-catalog/default/dwe6f48514/images/col/494/4941044-hero.jpg?sw=280&amp;sh=280">
                        </picture>
                        </a>
                        <div class="color-swatches d-flex" style="margin-left: 5px;">
                        <div class="swatches d-flex">
                        </div>
                        </div>
                        </div>
                        <div class="ct-tile-body col col-sm-auto ">
                        <div class="ct-pdp-details">
                        <div class="ct-pdp-link">
                        <a class="ct-tile--description" href="https://www.continente.pt/produto/barras-de-cereais-chocapic-chocapic-4941044.html?cgid=mercearias">Barras de Cereais Chocapic</a>
                        <div class="ct-tile--favorite-top d-sm-none">
                        <button class="wishlist-toggler guest-mode inactive button button--tertiary" data-pid="4941044" data-add-url="https://www.continente.pt/on/demandware.store/Sites-continente-Site/default/Wishlist-AddProduct?pid=4941044" data-toggle="tooltip" aria-label="Adicionar aos favoritos " data-original-title="Adicionar aos favoritos" data-placement="top">
                        <svg class="active-content" width="100%" height="100%" viewBox="0 0 20 22" fill="none" xmlns="http://www.w3.org/2000/svg">
                        <path fill-rule="evenodd" clip-rule="evenodd" d="M0 1.53052C0 0.685236 0.692171 0 1.54601 0H15.0736C15.9274 0 16.6196 0.685235 16.6196 1.53052V13.4064L15.8127 13.922L14.2658 14.2658L12.7189 13.4064L10.6054 14.3818C10.4994 14.2451 10.3327 14.157 10.1452 14.157H6.76329C6.4431 14.157 6.18354 14.414 6.18354 14.731C6.18354 15.0479 6.4431 15.3049 6.76329 15.3049H10.1452C10.2478 15.3049 10.3441 15.2785 10.4277 15.2322L10.3126 16.8439L13.2345 20.2793H1.54601C0.69217 20.2793 0 19.5941 0 18.7488V1.53052ZM6.18354 5.5483C6.18354 5.23132 6.4431 4.97436 6.76329 4.97436H12.3676C12.6878 4.97436 12.9473 5.23132 12.9473 5.5483C12.9473 5.86528 12.6878 6.12224 12.3676 6.12224H6.76329C6.4431 6.12224 6.18354 5.86528 6.18354 5.5483ZM6.76329 11.0961C6.4431 11.0961 6.18354 11.3531 6.18354 11.6701C6.18354 11.987 6.4431 12.244 6.76329 12.244H12.3676C12.6878 12.244 12.9473 11.987 12.9473 11.6701C12.9473 11.3531 12.6878 11.0961 12.3676 11.0961H6.76329ZM6.18354 8.60985C6.18354 8.29287 6.4431 8.03591 6.76329 8.03591H12.3676C12.6878 8.03591 12.9473 8.29287 12.9473 8.60985C12.9473 8.92684 12.6878 9.1838 12.3676 9.1838H6.76329C6.4431 9.1838 6.18354 8.92684 6.18354 8.60985ZM3.67118 5.5483C3.67118 5.23132 3.93075 4.97436 4.25093 4.97436H4.63743C4.95762 4.97436 5.21719 5.23132 5.21719 5.5483C5.21719 5.86528 4.95762 6.12224 4.63743 6.12224H4.25093C3.93075 6.12224 3.67118 5.86528 3.67118 5.5483ZM4.25093 11.0961C3.93075 11.0961 3.67118 11.3531 3.67118 11.6701C3.67118 11.987 3.93075 12.244 4.25093 12.244H4.63743C4.95762 12.244 5.21719 11.987 5.21719 11.6701C5.21719 11.3531 4.95762 11.0961 4.63743 11.0961H4.25093ZM3.67118 8.60985C3.67118 8.29287 3.93075 8.03591 4.25093 8.03591H4.63743C4.95762 8.03591 5.21719 8.29287 5.21719 8.60985C5.21719 8.92684 4.95762 9.1838 4.63743 9.1838H4.25093C3.93075 9.1838 3.67118 8.92684 3.67118 8.60985ZM4.25093 14.157C3.93075 14.157 3.67118 14.414 3.67118 14.731C3.67118 15.0479 3.93075 15.3049 4.25093 15.3049H4.63743C4.95762 15.3049 5.21719 15.0479 5.21719 14.731C5.21719 14.414 4.95762 14.157 4.63743 14.157H4.25093Z" fill="#EB0203"></path>
                        <path fill-rule="evenodd" clip-rule="evenodd" d="M14.6252 13.6363C13.4918 12.6215 11.7817 12.5264 10.6569 13.4792C9.12421 14.7764 9.34841 16.8912 10.4409 18.0122L14.0159 21.6742C14.2197 21.8832 14.4928 22 14.7822 22C15.0737 22 15.3448 21.8852 15.5486 21.6762L19.1236 18.0142C20.214 16.8933 20.4423 14.7785 18.9075 13.4792C17.7827 12.5283 16.0724 12.6217 14.9391 13.6365C14.8855 13.6845 14.8331 13.7345 14.7822 13.7866C14.7313 13.7345 14.6789 13.6843 14.6252 13.6363ZM18.1546 14.3522C19.0973 15.1508 18.9962 16.4896 18.2891 17.2173C18.2888 17.2175 18.2886 17.2177 18.2884 17.218L14.7832 20.8084L11.2753 17.2151C11.2752 17.215 11.2751 17.2149 11.2749 17.2148C10.5677 16.4887 10.4678 15.1495 11.4104 14.3518L11.4108 14.3514C12.0745 13.7892 13.2018 13.82 13.9488 14.5846L14.7822 15.4378L15.6157 14.5846C16.3617 13.8211 17.4896 13.79 18.1545 14.3521" fill="#EB0203"></path>
                        </svg>
                        <svg class="inactive-content" width="100%" height="100%" viewBox="0 0 20 23" fill="none" xmlns="http://www.w3.org/2000/svg">
                        <path fill-rule="evenodd" clip-rule="evenodd" d="M6.18408 5.77914C6.18408 5.46223 6.44363 5.20532 6.7638 5.20532H12.3678C12.6879 5.20532 12.9475 5.46223 12.9475 5.77914C12.9475 6.09606 12.6879 6.35297 12.3678 6.35297H6.7638C6.44363 6.35297 6.18408 6.09606 6.18408 5.77914Z" fill="#EB0203"></path>
                        <path fill-rule="evenodd" clip-rule="evenodd" d="M6.18408 11.9034C6.18408 11.5865 6.44363 11.3296 6.7638 11.3296H12.3678C12.6879 11.3296 12.9475 11.5865 12.9475 11.9034C12.9475 12.2202 12.6879 12.4771 12.3678 12.4771H6.7638C6.44363 12.4771 6.18408 12.2202 6.18408 11.9034Z" fill="#EB0203"></path>
                        <path fill-rule="evenodd" clip-rule="evenodd" d="M6.18408 8.84116C6.18408 8.52424 6.44363 8.26733 6.7638 8.26733H12.3678C12.6879 8.26733 12.9475 8.52424 12.9475 8.84116C12.9475 9.15807 12.6879 9.41498 12.3678 9.41498H6.7638C6.44363 9.41498 6.18408 9.15807 6.18408 8.84116Z" fill="#EB0203"></path>
                        <path fill-rule="evenodd" clip-rule="evenodd" d="M6.18408 14.9655C6.18408 14.6486 6.44363 14.3917 6.7638 14.3917H10.1455C10.4657 14.3917 10.7252 14.6486 10.7252 14.9655C10.7252 15.2825 10.4657 15.5394 10.1455 15.5394H6.7638C6.44363 15.5394 6.18408 15.2825 6.18408 14.9655Z" fill="#EB0203"></path>
                        <path fill-rule="evenodd" clip-rule="evenodd" d="M3.67139 5.77914C3.67139 5.46223 3.93094 5.20532 4.25111 5.20532H4.63759C4.95776 5.20532 5.21731 5.46223 5.21731 5.77914C5.21731 6.09606 4.95776 6.35297 4.63759 6.35297H4.25111C3.93094 6.35297 3.67139 6.09606 3.67139 5.77914Z" fill="#EB0203"></path>
                        <path fill-rule="evenodd" clip-rule="evenodd" d="M3.67139 11.9034C3.67139 11.5865 3.93094 11.3296 4.25111 11.3296H4.63759C4.95776 11.3296 5.21731 11.5865 5.21731 11.9034C5.21731 12.2202 4.95776 12.4771 4.63759 12.4771H4.25111C3.93094 12.4771 3.67139 12.2202 3.67139 11.9034Z" fill="#EB0203"></path>
                        <path fill-rule="evenodd" clip-rule="evenodd" d="M3.67139 8.84116C3.67139 8.52424 3.93094 8.26733 4.25111 8.26733H4.63759C4.95776 8.26733 5.21731 8.52424 5.21731 8.84116C5.21731 9.15807 4.95776 9.41498 4.63759 9.41498H4.25111C3.93094 9.41498 3.67139 9.15807 3.67139 8.84116Z" fill="#EB0203"></path>
                        <path fill-rule="evenodd" clip-rule="evenodd" d="M3.67139 14.9655C3.67139 14.6486 3.93094 14.3917 4.25111 14.3917H4.63759C4.95776 14.3917 5.21731 14.6486 5.21731 14.9655C5.21731 15.2825 4.95776 15.5394 4.63759 15.5394H4.25111C3.93094 15.5394 3.67139 15.2825 3.67139 14.9655Z" fill="#EB0203"></path>
                        <path fill-rule="evenodd" clip-rule="evenodd" d="M0 1.76033C0 0.914738 0.692131 0.229248 1.54592 0.229248H15.0727C15.9265 0.229248 16.6186 0.914738 16.6186 1.76033V11.2818C16.6186 11.5989 16.3591 11.8559 16.0389 11.8559C15.7187 11.8559 15.4592 11.5989 15.4592 11.2818V1.76033C15.4592 1.54893 15.2862 1.37756 15.0727 1.37756H1.54592C1.33247 1.37756 1.15944 1.54893 1.15944 1.76033V18.985C1.15944 19.1964 1.33247 19.3678 1.54592 19.3678H9.27551C9.59568 19.3678 9.85523 19.6249 9.85523 19.942C9.85523 20.2591 9.59568 20.5161 9.27551 20.5161H1.54592C0.692131 20.5161 0 19.8306 0 18.985V1.76033Z" fill="#EB0203"></path>
                        <path fill-rule="evenodd" clip-rule="evenodd" d="M14.6254 13.8718C13.4921 12.8567 11.7821 12.7615 10.6574 13.7147C9.12472 15.0124 9.34891 17.128 10.4413 18.2493L14.0161 21.9126C14.2199 22.1217 14.493 22.2386 14.7824 22.2386C15.0739 22.2386 15.3449 22.1238 15.5487 21.9147L19.1235 18.2514C20.2139 17.13 20.4422 15.0144 18.9075 13.7147C17.7827 12.7634 16.0726 12.8569 14.9392 13.872C14.8856 13.92 14.8333 13.9701 14.7824 14.0222C14.7314 13.97 14.6791 13.9199 14.6254 13.8718ZM18.1546 14.588C19.0972 15.3869 18.9961 16.7262 18.2891 17.4541C18.2888 17.4543 18.2886 17.4546 18.2884 17.4548L14.7834 21.0466L11.2757 17.452C11.2756 17.4519 11.2755 17.4517 11.2753 17.4516C10.5681 16.7252 10.4682 15.3856 11.4108 14.5876L11.4112 14.5872C12.0748 14.0248 13.202 14.0556 13.949 14.8205L14.7824 15.674L15.6158 14.8205C16.3618 14.0567 17.4896 14.0256 18.1545 14.5879" fill="#EB0203"></path>
                        </svg>
                        </button>
                        </div>
                        </div>
                        <p class="ct-tile--brand">Chocapic</p>
                        <p class="ct-tile--quantity">emb. 12 x 25 gr</p>
                        </div>
                        <div class="ct-tile-bottom row no-gutters justify-content-between">
                        <div class="ct-price-wrap col-8 col-sm-12">
                        <div class="price js-product-price">
                        <div class="prices-wrapper">
                        <span class="sales ct-tile--price-primary ">
                        <span class="value" content="4.39">
                        <span class="ct-price-formatted">
                        €4,39
                        </span>
                        <span class="ct-m-unit">
                        /un
                        </span>
                        </span>
                        </span>
                        </div>
                        <div class="ct-tile--price-secondary">
                        <span class="ct-price-value">
                        €21,95
                        </span>
                        <span class="ct-m-unit">
                        /kg
                        </span>
                        </div>
                        </div>
                        </div>
                        <div class="ct-tile-buy-section d-flex justify-content-center no-gutters col-auto col-sm-12">
                        <div class="col-2 d-sm-flex d-none">
                        <button class="wishlist-toggler guest-mode inactive button button--tertiary" data-pid="4941044" data-add-url="https://www.continente.pt/on/demandware.store/Sites-continente-Site/default/Wishlist-AddProduct?pid=4941044" data-toggle="tooltip" aria-label="Adicionar aos favoritos " data-original-title="Adicionar aos favoritos" data-placement="top">
                        <svg class="active-content" width="100%" height="100%" viewBox="0 0 20 22" fill="none" xmlns="http://www.w3.org/2000/svg">
                        <path fill-rule="evenodd" clip-rule="evenodd" d="M0 1.53052C0 0.685236 0.692171 0 1.54601 0H15.0736C15.9274 0 16.6196 0.685235 16.6196 1.53052V13.4064L15.8127 13.922L14.2658 14.2658L12.7189 13.4064L10.6054 14.3818C10.4994 14.2451 10.3327 14.157 10.1452 14.157H6.76329C6.4431 14.157 6.18354 14.414 6.18354 14.731C6.18354 15.0479 6.4431 15.3049 6.76329 15.3049H10.1452C10.2478 15.3049 10.3441 15.2785 10.4277 15.2322L10.3126 16.8439L13.2345 20.2793H1.54601C0.69217 20.2793 0 19.5941 0 18.7488V1.53052ZM6.18354 5.5483C6.18354 5.23132 6.4431 4.97436 6.76329 4.97436H12.3676C12.6878 4.97436 12.9473 5.23132 12.9473 5.5483C12.9473 5.86528 12.6878 6.12224 12.3676 6.12224H6.76329C6.4431 6.12224 6.18354 5.86528 6.18354 5.5483ZM6.76329 11.0961C6.4431 11.0961 6.18354 11.3531 6.18354 11.6701C6.18354 11.987 6.4431 12.244 6.76329 12.244H12.3676C12.6878 12.244 12.9473 11.987 12.9473 11.6701C12.9473 11.3531 12.6878 11.0961 12.3676 11.0961H6.76329ZM6.18354 8.60985C6.18354 8.29287 6.4431 8.03591 6.76329 8.03591H12.3676C12.6878 8.03591 12.9473 8.29287 12.9473 8.60985C12.9473 8.92684 12.6878 9.1838 12.3676 9.1838H6.76329C6.4431 9.1838 6.18354 8.92684 6.18354 8.60985ZM3.67118 5.5483C3.67118 5.23132 3.93075 4.97436 4.25093 4.97436H4.63743C4.95762 4.97436 5.21719 5.23132 5.21719 5.5483C5.21719 5.86528 4.95762 6.12224 4.63743 6.12224H4.25093C3.93075 6.12224 3.67118 5.86528 3.67118 5.5483ZM4.25093 11.0961C3.93075 11.0961 3.67118 11.3531 3.67118 11.6701C3.67118 11.987 3.93075 12.244 4.25093 12.244H4.63743C4.95762 12.244 5.21719 11.987 5.21719 11.6701C5.21719 11.3531 4.95762 11.0961 4.63743 11.0961H4.25093ZM3.67118 8.60985C3.67118 8.29287 3.93075 8.03591 4.25093 8.03591H4.63743C4.95762 8.03591 5.21719 8.29287 5.21719 8.60985C5.21719 8.92684 4.95762 9.1838 4.63743 9.1838H4.25093C3.93075 9.1838 3.67118 8.92684 3.67118 8.60985ZM4.25093 14.157C3.93075 14.157 3.67118 14.414 3.67118 14.731C3.67118 15.0479 3.93075 15.3049 4.25093 15.3049H4.63743C4.95762 15.3049 5.21719 15.0479 5.21719 14.731C5.21719 14.414 4.95762 14.157 4.63743 14.157H4.25093Z" fill="#EB0203"></path>
                        <path fill-rule="evenodd" clip-rule="evenodd" d="M14.6252 13.6363C13.4918 12.6215 11.7817 12.5264 10.6569 13.4792C9.12421 14.7764 9.34841 16.8912 10.4409 18.0122L14.0159 21.6742C14.2197 21.8832 14.4928 22 14.7822 22C15.0737 22 15.3448 21.8852 15.5486 21.6762L19.1236 18.0142C20.214 16.8933 20.4423 14.7785 18.9075 13.4792C17.7827 12.5283 16.0724 12.6217 14.9391 13.6365C14.8855 13.6845 14.8331 13.7345 14.7822 13.7866C14.7313 13.7345 14.6789 13.6843 14.6252 13.6363ZM18.1546 14.3522C19.0973 15.1508 18.9962 16.4896 18.2891 17.2173C18.2888 17.2175 18.2886 17.2177 18.2884 17.218L14.7832 20.8084L11.2753 17.2151C11.2752 17.215 11.2751 17.2149 11.2749 17.2148C10.5677 16.4887 10.4678 15.1495 11.4104 14.3518L11.4108 14.3514C12.0745 13.7892 13.2018 13.82 13.9488 14.5846L14.7822 15.4378L15.6157 14.5846C16.3617 13.8211 17.4896 13.79 18.1545 14.3521" fill="#EB0203"></path>
                        </svg>
                        <svg class="inactive-content" width="100%" height="100%" viewBox="0 0 20 23" fill="none" xmlns="http://www.w3.org/2000/svg">
                        <path fill-rule="evenodd" clip-rule="evenodd" d="M6.18408 5.77914C6.18408 5.46223 6.44363 5.20532 6.7638 5.20532H12.3678C12.6879 5.20532 12.9475 5.46223 12.9475 5.77914C12.9475 6.09606 12.6879 6.35297 12.3678 6.35297H6.7638C6.44363 6.35297 6.18408 6.09606 6.18408 5.77914Z" fill="#EB0203"></path>
                        <path fill-rule="evenodd" clip-rule="evenodd" d="M6.18408 11.9034C6.18408 11.5865 6.44363 11.3296 6.7638 11.3296H12.3678C12.6879 11.3296 12.9475 11.5865 12.9475 11.9034C12.9475 12.2202 12.6879 12.4771 12.3678 12.4771H6.7638C6.44363 12.4771 6.18408 12.2202 6.18408 11.9034Z" fill="#EB0203"></path>
                        <path fill-rule="evenodd" clip-rule="evenodd" d="M6.18408 8.84116C6.18408 8.52424 6.44363 8.26733 6.7638 8.26733H12.3678C12.6879 8.26733 12.9475 8.52424 12.9475 8.84116C12.9475 9.15807 12.6879 9.41498 12.3678 9.41498H6.7638C6.44363 9.41498 6.18408 9.15807 6.18408 8.84116Z" fill="#EB0203"></path>
                        <path fill-rule="evenodd" clip-rule="evenodd" d="M6.18408 14.9655C6.18408 14.6486 6.44363 14.3917 6.7638 14.3917H10.1455C10.4657 14.3917 10.7252 14.6486 10.7252 14.9655C10.7252 15.2825 10.4657 15.5394 10.1455 15.5394H6.7638C6.44363 15.5394 6.18408 15.2825 6.18408 14.9655Z" fill="#EB0203"></path>
                        <path fill-rule="evenodd" clip-rule="evenodd" d="M3.67139 5.77914C3.67139 5.46223 3.93094 5.20532 4.25111 5.20532H4.63759C4.95776 5.20532 5.21731 5.46223 5.21731 5.77914C5.21731 6.09606 4.95776 6.35297 4.63759 6.35297H4.25111C3.93094 6.35297 3.67139 6.09606 3.67139 5.77914Z" fill="#EB0203"></path>
                        <path fill-rule="evenodd" clip-rule="evenodd" d="M3.67139 11.9034C3.67139 11.5865 3.93094 11.3296 4.25111 11.3296H4.63759C4.95776 11.3296 5.21731 11.5865 5.21731 11.9034C5.21731 12.2202 4.95776 12.4771 4.63759 12.4771H4.25111C3.93094 12.4771 3.67139 12.2202 3.67139 11.9034Z" fill="#EB0203"></path>
                        <path fill-rule="evenodd" clip-rule="evenodd" d="M3.67139 8.84116C3.67139 8.52424 3.93094 8.26733 4.25111 8.26733H4.63759C4.95776 8.26733 5.21731 8.52424 5.21731 8.84116C5.21731 9.15807 4.95776 9.41498 4.63759 9.41498H4.25111C3.93094 9.41498 3.67139 9.15807 3.67139 8.84116Z" fill="#EB0203"></path>
                        <path fill-rule="evenodd" clip-rule="evenodd" d="M3.67139 14.9655C3.67139 14.6486 3.93094 14.3917 4.25111 14.3917H4.63759C4.95776 14.3917 5.21731 14.6486 5.21731 14.9655C5.21731 15.2825 4.95776 15.5394 4.63759 15.5394H4.25111C3.93094 15.5394 3.67139 15.2825 3.67139 14.9655Z" fill="#EB0203"></path>
                        <path fill-rule="evenodd" clip-rule="evenodd" d="M0 1.76033C0 0.914738 0.692131 0.229248 1.54592 0.229248H15.0727C15.9265 0.229248 16.6186 0.914738 16.6186 1.76033V11.2818C16.6186 11.5989 16.3591 11.8559 16.0389 11.8559C15.7187 11.8559 15.4592 11.5989 15.4592 11.2818V1.76033C15.4592 1.54893 15.2862 1.37756 15.0727 1.37756H1.54592C1.33247 1.37756 1.15944 1.54893 1.15944 1.76033V18.985C1.15944 19.1964 1.33247 19.3678 1.54592 19.3678H9.27551C9.59568 19.3678 9.85523 19.6249 9.85523 19.942C9.85523 20.2591 9.59568 20.5161 9.27551 20.5161H1.54592C0.692131 20.5161 0 19.8306 0 18.985V1.76033Z" fill="#EB0203"></path>
                        <path fill-rule="evenodd" clip-rule="evenodd" d="M14.6254 13.8718C13.4921 12.8567 11.7821 12.7615 10.6574 13.7147C9.12472 15.0124 9.34891 17.128 10.4413 18.2493L14.0161 21.9126C14.2199 22.1217 14.493 22.2386 14.7824 22.2386C15.0739 22.2386 15.3449 22.1238 15.5487 21.9147L19.1235 18.2514C20.2139 17.13 20.4422 15.0144 18.9075 13.7147C17.7827 12.7634 16.0726 12.8569 14.9392 13.872C14.8856 13.92 14.8333 13.9701 14.7824 14.0222C14.7314 13.97 14.6791 13.9199 14.6254 13.8718ZM18.1546 14.588C19.0972 15.3869 18.9961 16.7262 18.2891 17.4541C18.2888 17.4543 18.2886 17.4546 18.2884 17.4548L14.7834 21.0466L11.2757 17.452C11.2756 17.4519 11.2755 17.4517 11.2753 17.4516C10.5681 16.7252 10.4682 15.3856 11.4108 14.5876L11.4112 14.5872C12.0748 14.0248 13.202 14.0556 13.949 14.8205L14.7824 15.674L15.6158 14.8205C16.3618 14.0567 17.4896 14.0256 18.1545 14.5879" fill="#EB0203"></path>
                        </svg>
                        </button>
                        </div>
                        <div class="col-sm-10 col-12">
                        <div class="ct-tile-quantity d-none" data-pid="4941044">
                        <input type="hidden" class="add-to-cart-url" value="https://www.continente.pt/on/demandware.store/Sites-continente-Site/default/Cart-AddProduct">
                        <div class="d-none tile-delete-confirmation-btn" data-pid="4941044" data-delay-time="3000" data-in-cart-msg="no carrinho" data-one-product-added="Adicionado ao carrinho" data-remove-from-cart-msg="Removido do carrinho" data-stay-open="6000.0" data-confirmation-image="{&quot;url&quot;:&quot;https://www.continente.pt/dw/image/v2/BDVS_PRD/on/demandware.static/-/Sites-col-master-catalog/default/dwe6f48514/images/col/494/4941044-hero.jpg?sw=87&amp;sh=80&quot;,&quot;fallbackimage&quot;:{&quot;url&quot;:&quot;https://www.continente.pt/dw/image/v2/BDVS_PRD/on/demandware.static/Sites-continente-Site/-/default/dw7c42b4da/images/noimagelarge_product.png?sw=87&amp;sh=80&quot;,&quot;title&quot;:&quot;Barras de Cereais Chocapic&quot;,&quot;alt&quot;:&quot;Barras de Cereais Chocapic&quot;},&quot;title&quot;:&quot;Barras de Cereais Chocapic&quot;,&quot;alt&quot;:&quot;Barras de Cereais Chocapic&quot;}"></div>
                        <div class="ct-tile-quantity-update quantity-update product-qty-vue" data-remove-action="https://www.continente.pt/on/demandware.store/Sites-continente-Site/default/Cart-RemoveProductLineItem" data-action="https://www.continente.pt/on/demandware.store/Sites-continente-Site/default/Cart-UpdateQuantity" data-dimension-update="https://www.continente.pt/on/demandware.store/Sites-continente-Site/default/Cart-DimensionUpdate" data-pid="4941044" data-uuid="c90466a45567009b7c01be31db" data-add-delay="500.0" data-measure-options="{&quot;hasConversionRate&quot;:false,&quot;hasAlternativeSaleUnit&quot;:false,&quot;unitConversionRate&quot;:0,&quot;minOrderQuantity&quot;:1,&quot;stepQuantity&quot;:1,&quot;primaryunit&quot;:&quot;un&quot;,&quot;secondaryunit&quot;:&quot;kg&quot;,&quot;selectedunit&quot;:&quot;primary&quot;,&quot;maxNumberOfUnitsPerSale&quot;:50}" data-price-available="null" :data-has-error="isMaxQtyReached || isMinQtyReached || qtySelectedMoreThanOne">
                        <template v-show="prodUnits">
                        <div class="quantity-input-wrapper has-units">
                        <label class="visually-hidden" :for="'quantity-' + pid + additionalTag">
                        Quantidade no carrinho
                        </label>
                        <input :ref="'quantityInput-' + pid + additionalTag" class="add-to-cart-quantity form-control ct-form-input text-center" inputmode="numeric" :class="{'is-invalid': isInvalid}" :data-pid="pid + additionalTag" :name="'quantity-' + pid + additionalTag" type="text" aria-label="Insira a quantidade" title="" v-model="displayValue" @change="updateQuantity" @focus="updateQtyFormat" @blur="restoreQtyFormat" :disabled="!isPriceAvailable">
                        <span class="quantity-icon quantity-icon--minus">
                        <button class="decrease-quantity-btn" @click="updateQuantity" :disabled="!isPriceAvailable" role="button" aria-label="Reduzir quantidade">
                        <i class="css-math-minus"></i>
                        </button>
                        </span>
                        <span class="quantity-icon quantity-icon--plus">
                        <button class="increase-quantity-btn" @click="updateQuantity" :disabled="isMaxQtyReached || !isPriceAvailable" role="button" aria-label="Aumentar quantidade">
                        <i class="css-math-plus"></i>
                        </button>
                        <span class="quantity-btn-disabled-placeholder"></span>
                        </span>
                        <template v-if="isPDP">
                        <span class="quantity-error ct-span-error text-sm-center product-max-allocation" v-if="isMaxQtyReached">
                        Quantidade máxima atingida
                        </span>
                        <span class="quantity-error ct-span-product text-sm-center product-allocation" v-if="!isMinQtyReached &amp;&amp; !isMaxQtyReached">
                        {{quantitySelected}} no carrinho
                        </span>
                        <span class="quantity-error ct-span-error text-sm-center product-min-allocation" :data-pid="pid" v-if="isMinQtyReached &amp;&amp; !isMaxQtyReached">
                        Quantidade mínima atingida
                        </span>
                        </template>
                        </div>
                        <template v-if="showNotes">
                        <div class="add-note-link-container ">
                        <div class="add-note">
                        <a href="/produto/barras-de-cereais-chocapic-chocapic-4941044.html?showNote=true" class="ct-add-note-redirect-pdp" aria-label="Adicionar comentário">
                        <span class="svg-wrapper svg-icon-notes" style="width:19px; height:20px">
                        <svg class="svg-inline icon-notes" viewBox="0 0 28 30" xmlns="http://www.w3.org/2000/svg" width="100%" height="100%"><path d="M21.738 0C22.985 0 24 1.04 24 2.319V12.47c0 .469-.37.848-.828.848-.457 0-.827-.38-.827-.848V2.32c0-.343-.273-.622-.607-.622H2.262c-.334 0-.607.279-.607.622V27.68c0 .343.273.622.607.622h7.81c.457 0 .827.38.827.849 0 .468-.37.848-.827.848h-7.81C1.015 30 0 28.96 0 27.681V2.32C0 1.04 1.015 0 2.262 0h19.476zm2.844 16.004l.227.007c.823.053 1.589.39 2.176.964.64.627.993 1.46.993 2.349 0 .888-.353 1.722-.993 2.348l-6.83 6.665c-.11.108-.247.186-.397.226l-5.032 1.363c-.078.021-.16.032-.241.032-.242 0-.478-.097-.647-.266-.23-.231-.314-.566-.218-.874l1.49-4.798c.044-.139.122-.266.227-.369l6.844-6.677c.64-.625 1.493-.97 2.401-.97zm-2.886 3.94l-4.922 4.802-.947 3.048 3.22-.872 4.897-4.78-2.248-2.197zm2.887-2.174c-.425 0-.824.162-1.124.455l-.484.472 2.248 2.197.484-.472c.62-.606.62-1.591 0-2.197l-.117-.104c-.283-.227-.636-.35-1.007-.35zm-10.839.022c.498 0 .904.396.904.883 0 .488-.406.884-.904.884H5.946c-.499 0-.904-.396-.904-.884 0-.487.405-.883.904-.883zm5.042-4.876c.498 0 .904.397.904.884s-.406.884-.904.884H5.946c-.499 0-.904-.397-.904-.884s.405-.884.904-.884zm0-4.875c.498 0 .904.396.904.884 0 .487-.406.883-.904.883H5.946c-.499 0-.904-.396-.904-.883 0-.488.405-.884.904-.884z" fill="#EB0203" fill-rule="evenodd"></path></svg>
                        </span>
                        <div class="available-note d-none"></div>
                        </a>
                        </div>
                        </div>
                        </template>
                        <div class="measurement-unit-section" v-if="isPriceAvailable &amp;&amp; prodUnits ? prodUnits.hasAlternativeUnit : false">
                        <div class="ct-form-radio" @click="setDimension">
                        <input type="radio" title="" class="ct-form-check-input product-measurement-unit" :data-type="prodUnits.selectedUnit == prodUnits.secondaryUnit ? 'primary' : ''" :id="prodUnits.secondaryUnit + '-' + pid + '-measurement-unit-ptile' + additionalTag" :name="'measurement-unit-' + pid + '-ptile' + additionalTag" :value="prodUnits.secondaryUnit" v-model="prodUnits.selectedUnit">
                        <label :class="prodUnits.secondaryUnit + '-label ct-form-check-label mb-0'" :for="prodUnits.secondaryUnit + '-' + pid + '-measurement-unit-ptile' + additionalTag">
                        {{prodUnits.secondaryUnit}}
                        </label>
                        <span class="checkmark"></span>
                        </div>
                        <div class="ct-form-radio" @click="setDimension">
                        <input type="radio" title="" class="ct-form-check-input product-measurement-unit" :data-type="prodUnits.selectedUnit == prodUnits.primaryUnit ? 'primary' : ''" :id="prodUnits.primaryUnit + '-' + pid + '-measurement-unit-ptile' + additionalTag" :name="'measurement-unit-' + pid + '-ptile' + additionalTag" :value="prodUnits.primaryUnit" v-model="prodUnits.selectedUnit">
                        <label :class="prodUnits.primaryUnit + '-label ct-form-check-label mb-0'" :for="prodUnits.primaryUnit + '-' + pid + '-measurement-unit-ptile' + additionalTag">
                        {{prodUnits.primaryUnit}}
                        </label>
                        <span class="checkmark"></span>
                        </div>
                        </div>
                        <template v-if="!isPDP &amp;&amp; isPriceAvailable">
                        <span class="quantity-error ct-span-error product-max-allocation" v-if="isMaxQtyReached">
                        Quantidade máxima atingida
                        </span>
                        <span class="quantity-error ct-span-product product-allocation" v-if="!isMinQtyReached &amp;&amp; !isMaxQtyReached">
                        {{quantitySelected}} no carrinho
                        </span>
                        <span class="quantity-error ct-span-error product-min-allocation" :data-pid="pid" v-if="isMinQtyReached &amp;&amp; !isMaxQtyReached">
                        Quantidade mínima atingida
                        </span>
                        </template>
                        </template>
                        </div>
                        <input class="quantity-value-mask d-none" name="quantity" type="number" min="0" value="">
                        </div>
                        <button type="button" class="add-to-cart button js-add-to-cart js-add-to-cart-tile 4941044 button--primary dynamic-layout-btn" data-toggle="modal" data-target="#chooseBonusProductModal" data-pid="4941044" data-quantity-value="null" aria-label="Carrinho">
                        <span class="d-block d-sm-none">
                        <span class="svg-wrapper svg-icon-cart" style="width:20px; height:20px">
                        <svg class="svg-inline icon-cart" xmlns="http://www.w3.org/2000/svg" viewBox="0 0 500 500" width="100%" height="100%"><path fill="#EB0203" fill-rule="evenodd" d="M 485.67317,94.386311 C 476.37798,83.847129 463.09468,78.03348 448.30404,78.03348 H 90.690813 L 87.079511,51.327997 C 83.185582,22.539551 62.962285,0 41.011841,0 H 14.727836 C 6.563151,0 0,6.5286975 0,14.580758 c 0,8.05206 6.5945535,14.580758 14.727836,14.580758 h 26.284005 c 4.710398,0 14.696435,9.855222 16.894619,26.021523 L 100.01739,368.0631 c 1.88416,13.77244 9.01256,26.70549 20.1605,36.37417 8.25889,7.15046 18.02511,11.9071 28.26237,13.89679 -4.17655,7.58572 -6.53175,16.25957 -6.53175,25.493 0,29.53459 24.27424,53.59751 54.13815,53.59751 29.8325,0 54.13814,-24.03184 54.13814,-53.59751 0,-8.79818 -2.19818,-17.09897 -5.9979,-24.43598 h 77.12488 c -3.79973,7.33701 -5.96652,15.6378 -5.96652,24.43598 0,29.53459 24.27424,53.59751 54.13817,53.59751 29.83249,0 54.13814,-24.03184 54.13814,-53.59751 0,-8.79818 -2.1982,-17.09897 -5.9979,-24.43598 h 38.56243 c 8.13328,0 14.72783,-6.5287 14.72783,-14.61183 0,-8.02098 -6.59455,-14.54967 -14.72783,-14.54967 H 159.24277 c -14.38241,0 -28.13677,-11.90711 -30.02092,-26.02153 l -3.07746,-22.88154 h 290.6314 c 14.03698,0 27.94834,-5.28513 39.06488,-14.95381 11.11652,-9.6376 18.27632,-22.57065 20.16048,-36.37417 l 21.10259,-156.78201 c 1.94694,-14.51858 -2.10398,-28.29103 -11.43057,-38.861299 z M 220.76053,443.82706 c 0,13.49265 -11.08513,24.46709 -24.68247,24.46709 -13.62874,0 -24.71387,-10.97444 -24.71387,-24.46709 0,-13.49262 11.08513,-24.43598 24.71387,-24.43598 13.59734,0 24.68247,10.94336 24.68247,24.43598 z m 173.43675,0 c 0,13.49265 -11.08512,24.46709 -24.68245,24.46709 -13.62876,0 -24.71388,-10.97444 -24.71388,-24.46709 0,-13.49262 11.08512,-24.43598 24.71388,-24.43598 13.59733,0 24.68245,10.94336 24.68245,24.43598 z m 73.7648,-314.46558 -21.13397,156.782 c -1.88416,14.11442 -15.63851,26.05261 -30.02091,26.05261 H 122.25046 L 94.616142,107.19499 H 448.33544 c 6.18632,0 11.61896,2.2695 15.23028,6.37326 3.64269,4.13484 5.21283,9.73086 4.39636,15.79323 z"></path></svg>
                        </span>
                        </span>
                        
                        <span class="add-to-cart--text d-none d-sm-block">Carrinho</span>
                        </button>
                        </div>
                        </div>
                        </div>
                        </div>
                        
                        <div class="col-12 d-sm-none">
                        </div>
                        </div>
                        </div>
                        </div>
                        </div>
                        <div class="col-12 col-sm-3 col-lg-2 productTile" data-idx="13">
                        
                        <script type="text/javascript">//<!--
                        /* <![CDATA[ */
                        (function(){
                        try {
                            if(window.CQuotient) {
                            var cq_params = {};
                            
                            cq_params.cookieId = window.CQuotient.getCQCookieId();
                            cq_params.userId = window.CQuotient.getCQUserId();
                            cq_params.emailId = CQuotient.getCQHashedEmail();
                            cq_params.loginId = CQuotient.getCQHashedLogin();
                            cq_params.accumulate = true;
                            cq_params.products = [{
                                id: '2823116',
                                sku: ''
                            }];
                            cq_params.categoryId = 'mercearias';
                            cq_params.refinements = '[{\"name\":\"priceMin\",\"value\":\"0.01\"},{\"name\":\"priceMax\",\"value\":\"null\"},{\"name\":\"curr\",\"value\":\"EUR\"},{\"name\":\"Category\",\"value\":\"mercearias\"}]';
                            cq_params.personalized = 'false';
                            cq_params.sortingRule = 'FOOD_Mercearia';
                            cq_params.imageUUID = '__UNDEFINED__';
                            cq_params.realm = "BDVS";
                            cq_params.siteId = "continente";
                            cq_params.instanceType = "prd";
                            cq_params.queryLocale = "default";
                            cq_params.locale = window.CQuotient.locale;
                            
                            if(window.CQuotient.sendActivity)
                                window.CQuotient.sendActivity(CQuotient.clientId, 'viewCategory', cq_params);
                            else
                                window.CQuotient.activities.push({
                                    activityType: 'viewCategory',
                                    parameters: cq_params
                                });
                          }
                        } catch(err) {}
                        })();
                        /* ]]> */
                        // -->
                        </script>
                        <script type="text/javascript">//<!--
                        /* <![CDATA[ (viewCategoryProduct-active_data.js) */
                        (function(){
                        try {
                            if (dw.ac) {
                                var search_params = {};
                                search_params.persd = 'false';
                                search_params.refs = '[{\"name\":\"priceMin\",\"value\":\"0.01\"},{\"name\":\"priceMax\",\"value\":\"null\"},{\"name\":\"curr\",\"value\":\"EUR\"},{\"name\":\"Category\",\"value\":\"mercearias\"}]';
                                search_params.sort = 'FOOD_Mercearia';
                                search_params.imageUUID = '';
                                search_params.searchID = 'afeeff71-841d-471a-a4b6-1885a5ac2689';
                                search_params.locale = 'default';
                                search_params.queryLocale = 'default';
                                search_params.showProducts = 'true';
                                dw.ac.applyContext({category: "mercearias", searchData: search_params});
                                if (typeof dw.ac._scheduleDataSubmission === "function") {
                                    dw.ac._scheduleDataSubmission();
                                }
                            }
                        } catch(err) {}
                        })();
                        /* ]]> */
                        // -->
                        </script>
                        <script type="text/javascript">//<!--
                        /* <![CDATA[ (viewProduct-active_data.js) */
                        dw.ac._capture({id: "2823116", type: "searchhit"});
                        /* ]]> */
                        // -->
                        </script>
                        <div class="product" data-pid="2823116">
                        <div class="product-tile pid-2823116 ct-product-tile data-layer-pushed" data-delay-time="3000" data-variants-mapping="[]" data-in-cart-msg="no carrinho" data-one-product-added="Adicionado ao carrinho" data-remove-from-cart-msg="Removido do carrinho" data-stay-open="6000.0" data-product-tile-impression="{&quot;name&quot;:&quot;2823116&quot;,&quot;id&quot;:&quot;2823116&quot;,&quot;price&quot;:2.69,&quot;brand&quot;:&quot;Manhãzitos&quot;,&quot;category&quot;:[{&quot;category_level_1&quot;:&quot;Mercearia&quot;},{&quot;category_level_2&quot;:&quot;Bolachas, Biscoitos e Tostas&quot;},{&quot;category_level_3&quot;:&quot;Bolos, Napolitanas, Queques...&quot;}],&quot;variant&quot;:&quot;&quot;}">
                        <div class="ct-inner-tile-wrap row no-gutters justify-content-center align-content-start">
                        
                        <div class="ct-product-tile-badge ct-product-tile-badge--promotional">
                        <img class="img-fluid lazyloaded" loading="lazy" data-src="https://www.continente.pt/dw/image/v2/BDVS_PRD/on/demandware.static/-/Sites-continente-Library/default/dwf5980f2e/images/badges/pvpr/col/pvpr.png?sw=60&amp;sh=42" alt="PVP Recomendado: €3,99/un" title="PVP Recomendado: €3,99/un" src="https://www.continente.pt/dw/image/v2/BDVS_PRD/on/demandware.static/-/Sites-continente-Library/default/dwf5980f2e/images/badges/pvpr/col/pvpr.png?sw=60&amp;sh=42">
                        <div class="ct-product-tile-badge-value-wrapper ct-product-tile-badge-value-wrapper--pvpr  ">
                        <div class="ct-product-tile-badge-addition d-flex flex-column align-self-center text-center">
                        <span class="ct-product-tile-badge-addition--sign">
                        +
                        </span>
                        <span class="ct-product-tile-badge-addition--text">
                        DE
                        </span>
                        </div>
                        <span class="ct-product-tile-badge-value--pvpr">
                        30
                        </span>
                        <span class="ct-product-tile-badge-value--pvpr-quantifier ">
                        %
                        </span>
                        </div>
                        </div>
                        
                        <div class="ct-image-container col-4 col-sm" data-confirmation-image="{&quot;url&quot;:&quot;https://www.continente.pt/dw/image/v2/BDVS_PRD/on/demandware.static/-/Sites-col-master-catalog/default/dw0f7f7e76/images/col/282/2823116-frente.jpg?sw=87&amp;sh=80&quot;,&quot;fallbackimage&quot;:{&quot;url&quot;:&quot;https://www.continente.pt/dw/image/v2/BDVS_PRD/on/demandware.static/Sites-continente-Site/-/default/dw7c42b4da/images/noimagelarge_product.png?sw=87&amp;sh=80&quot;,&quot;title&quot;:&quot;Bolo de Leite&quot;,&quot;alt&quot;:&quot;Bolo de Leite&quot;},&quot;title&quot;:&quot;Bolo de Leite&quot;,&quot;alt&quot;:&quot;Bolo de Leite&quot;}">
                        <a href="https://www.continente.pt/produto/bolo-de-leite-manhazitos-2823116.html?cgid=mercearias">
                        <picture class="intrinsic intrinsic--square">
                        <img class="ct-tile-image lazyloaded" loading="lazy" onerror="this.onerror=null;this.src='/on/demandware.static/Sites-continente-Site/-/default/dw7c42b4da/images/noimagelarge_product.png';" data-src="https://www.continente.pt/dw/image/v2/BDVS_PRD/on/demandware.static/-/Sites-col-master-catalog/default/dw0f7f7e76/images/col/282/2823116-frente.jpg?sw=280&amp;sh=280" alt="Bolo de Leite" title="Bolo de Leite" src="https://www.continente.pt/dw/image/v2/BDVS_PRD/on/demandware.static/-/Sites-col-master-catalog/default/dw0f7f7e76/images/col/282/2823116-frente.jpg?sw=280&amp;sh=280">
                        </picture>
                        </a>
                        <div class="color-swatches d-flex" style="margin-left: 5px;">
                        <div class="swatches d-flex">
                        </div>
                        </div>
                        </div>
                        <div class="ct-tile-body col col-sm-auto ">
                        <div class="ct-pdp-details">
                        <div class="ct-pdp-link">
                        <a class="ct-tile--description" href="https://www.continente.pt/produto/bolo-de-leite-manhazitos-2823116.html?cgid=mercearias">Bolo de Leite</a>
                        <div class="ct-tile--favorite-top d-sm-none">
                        <button class="wishlist-toggler guest-mode inactive button button--tertiary" data-pid="2823116" data-add-url="https://www.continente.pt/on/demandware.store/Sites-continente-Site/default/Wishlist-AddProduct?pid=2823116" data-toggle="tooltip" aria-label="Adicionar aos favoritos " data-original-title="Adicionar aos favoritos" data-placement="top">
                        <svg class="active-content" width="100%" height="100%" viewBox="0 0 20 22" fill="none" xmlns="http://www.w3.org/2000/svg">
                        <path fill-rule="evenodd" clip-rule="evenodd" d="M0 1.53052C0 0.685236 0.692171 0 1.54601 0H15.0736C15.9274 0 16.6196 0.685235 16.6196 1.53052V13.4064L15.8127 13.922L14.2658 14.2658L12.7189 13.4064L10.6054 14.3818C10.4994 14.2451 10.3327 14.157 10.1452 14.157H6.76329C6.4431 14.157 6.18354 14.414 6.18354 14.731C6.18354 15.0479 6.4431 15.3049 6.76329 15.3049H10.1452C10.2478 15.3049 10.3441 15.2785 10.4277 15.2322L10.3126 16.8439L13.2345 20.2793H1.54601C0.69217 20.2793 0 19.5941 0 18.7488V1.53052ZM6.18354 5.5483C6.18354 5.23132 6.4431 4.97436 6.76329 4.97436H12.3676C12.6878 4.97436 12.9473 5.23132 12.9473 5.5483C12.9473 5.86528 12.6878 6.12224 12.3676 6.12224H6.76329C6.4431 6.12224 6.18354 5.86528 6.18354 5.5483ZM6.76329 11.0961C6.4431 11.0961 6.18354 11.3531 6.18354 11.6701C6.18354 11.987 6.4431 12.244 6.76329 12.244H12.3676C12.6878 12.244 12.9473 11.987 12.9473 11.6701C12.9473 11.3531 12.6878 11.0961 12.3676 11.0961H6.76329ZM6.18354 8.60985C6.18354 8.29287 6.4431 8.03591 6.76329 8.03591H12.3676C12.6878 8.03591 12.9473 8.29287 12.9473 8.60985C12.9473 8.92684 12.6878 9.1838 12.3676 9.1838H6.76329C6.4431 9.1838 6.18354 8.92684 6.18354 8.60985ZM3.67118 5.5483C3.67118 5.23132 3.93075 4.97436 4.25093 4.97436H4.63743C4.95762 4.97436 5.21719 5.23132 5.21719 5.5483C5.21719 5.86528 4.95762 6.12224 4.63743 6.12224H4.25093C3.93075 6.12224 3.67118 5.86528 3.67118 5.5483ZM4.25093 11.0961C3.93075 11.0961 3.67118 11.3531 3.67118 11.6701C3.67118 11.987 3.93075 12.244 4.25093 12.244H4.63743C4.95762 12.244 5.21719 11.987 5.21719 11.6701C5.21719 11.3531 4.95762 11.0961 4.63743 11.0961H4.25093ZM3.67118 8.60985C3.67118 8.29287 3.93075 8.03591 4.25093 8.03591H4.63743C4.95762 8.03591 5.21719 8.29287 5.21719 8.60985C5.21719 8.92684 4.95762 9.1838 4.63743 9.1838H4.25093C3.93075 9.1838 3.67118 8.92684 3.67118 8.60985ZM4.25093 14.157C3.93075 14.157 3.67118 14.414 3.67118 14.731C3.67118 15.0479 3.93075 15.3049 4.25093 15.3049H4.63743C4.95762 15.3049 5.21719 15.0479 5.21719 14.731C5.21719 14.414 4.95762 14.157 4.63743 14.157H4.25093Z" fill="#EB0203"></path>
                        <path fill-rule="evenodd" clip-rule="evenodd" d="M14.6252 13.6363C13.4918 12.6215 11.7817 12.5264 10.6569 13.4792C9.12421 14.7764 9.34841 16.8912 10.4409 18.0122L14.0159 21.6742C14.2197 21.8832 14.4928 22 14.7822 22C15.0737 22 15.3448 21.8852 15.5486 21.6762L19.1236 18.0142C20.214 16.8933 20.4423 14.7785 18.9075 13.4792C17.7827 12.5283 16.0724 12.6217 14.9391 13.6365C14.8855 13.6845 14.8331 13.7345 14.7822 13.7866C14.7313 13.7345 14.6789 13.6843 14.6252 13.6363ZM18.1546 14.3522C19.0973 15.1508 18.9962 16.4896 18.2891 17.2173C18.2888 17.2175 18.2886 17.2177 18.2884 17.218L14.7832 20.8084L11.2753 17.2151C11.2752 17.215 11.2751 17.2149 11.2749 17.2148C10.5677 16.4887 10.4678 15.1495 11.4104 14.3518L11.4108 14.3514C12.0745 13.7892 13.2018 13.82 13.9488 14.5846L14.7822 15.4378L15.6157 14.5846C16.3617 13.8211 17.4896 13.79 18.1545 14.3521" fill="#EB0203"></path>
                        </svg>
                        <svg class="inactive-content" width="100%" height="100%" viewBox="0 0 20 23" fill="none" xmlns="http://www.w3.org/2000/svg">
                        <path fill-rule="evenodd" clip-rule="evenodd" d="M6.18408 5.77914C6.18408 5.46223 6.44363 5.20532 6.7638 5.20532H12.3678C12.6879 5.20532 12.9475 5.46223 12.9475 5.77914C12.9475 6.09606 12.6879 6.35297 12.3678 6.35297H6.7638C6.44363 6.35297 6.18408 6.09606 6.18408 5.77914Z" fill="#EB0203"></path>
                        <path fill-rule="evenodd" clip-rule="evenodd" d="M6.18408 11.9034C6.18408 11.5865 6.44363 11.3296 6.7638 11.3296H12.3678C12.6879 11.3296 12.9475 11.5865 12.9475 11.9034C12.9475 12.2202 12.6879 12.4771 12.3678 12.4771H6.7638C6.44363 12.4771 6.18408 12.2202 6.18408 11.9034Z" fill="#EB0203"></path>
                        <path fill-rule="evenodd" clip-rule="evenodd" d="M6.18408 8.84116C6.18408 8.52424 6.44363 8.26733 6.7638 8.26733H12.3678C12.6879 8.26733 12.9475 8.52424 12.9475 8.84116C12.9475 9.15807 12.6879 9.41498 12.3678 9.41498H6.7638C6.44363 9.41498 6.18408 9.15807 6.18408 8.84116Z" fill="#EB0203"></path>
                        <path fill-rule="evenodd" clip-rule="evenodd" d="M6.18408 14.9655C6.18408 14.6486 6.44363 14.3917 6.7638 14.3917H10.1455C10.4657 14.3917 10.7252 14.6486 10.7252 14.9655C10.7252 15.2825 10.4657 15.5394 10.1455 15.5394H6.7638C6.44363 15.5394 6.18408 15.2825 6.18408 14.9655Z" fill="#EB0203"></path>
                        <path fill-rule="evenodd" clip-rule="evenodd" d="M3.67139 5.77914C3.67139 5.46223 3.93094 5.20532 4.25111 5.20532H4.63759C4.95776 5.20532 5.21731 5.46223 5.21731 5.77914C5.21731 6.09606 4.95776 6.35297 4.63759 6.35297H4.25111C3.93094 6.35297 3.67139 6.09606 3.67139 5.77914Z" fill="#EB0203"></path>
                        <path fill-rule="evenodd" clip-rule="evenodd" d="M3.67139 11.9034C3.67139 11.5865 3.93094 11.3296 4.25111 11.3296H4.63759C4.95776 11.3296 5.21731 11.5865 5.21731 11.9034C5.21731 12.2202 4.95776 12.4771 4.63759 12.4771H4.25111C3.93094 12.4771 3.67139 12.2202 3.67139 11.9034Z" fill="#EB0203"></path>
                        <path fill-rule="evenodd" clip-rule="evenodd" d="M3.67139 8.84116C3.67139 8.52424 3.93094 8.26733 4.25111 8.26733H4.63759C4.95776 8.26733 5.21731 8.52424 5.21731 8.84116C5.21731 9.15807 4.95776 9.41498 4.63759 9.41498H4.25111C3.93094 9.41498 3.67139 9.15807 3.67139 8.84116Z" fill="#EB0203"></path>
                        <path fill-rule="evenodd" clip-rule="evenodd" d="M3.67139 14.9655C3.67139 14.6486 3.93094 14.3917 4.25111 14.3917H4.63759C4.95776 14.3917 5.21731 14.6486 5.21731 14.9655C5.21731 15.2825 4.95776 15.5394 4.63759 15.5394H4.25111C3.93094 15.5394 3.67139 15.2825 3.67139 14.9655Z" fill="#EB0203"></path>
                        <path fill-rule="evenodd" clip-rule="evenodd" d="M0 1.76033C0 0.914738 0.692131 0.229248 1.54592 0.229248H15.0727C15.9265 0.229248 16.6186 0.914738 16.6186 1.76033V11.2818C16.6186 11.5989 16.3591 11.8559 16.0389 11.8559C15.7187 11.8559 15.4592 11.5989 15.4592 11.2818V1.76033C15.4592 1.54893 15.2862 1.37756 15.0727 1.37756H1.54592C1.33247 1.37756 1.15944 1.54893 1.15944 1.76033V18.985C1.15944 19.1964 1.33247 19.3678 1.54592 19.3678H9.27551C9.59568 19.3678 9.85523 19.6249 9.85523 19.942C9.85523 20.2591 9.59568 20.5161 9.27551 20.5161H1.54592C0.692131 20.5161 0 19.8306 0 18.985V1.76033Z" fill="#EB0203"></path>
                        <path fill-rule="evenodd" clip-rule="evenodd" d="M14.6254 13.8718C13.4921 12.8567 11.7821 12.7615 10.6574 13.7147C9.12472 15.0124 9.34891 17.128 10.4413 18.2493L14.0161 21.9126C14.2199 22.1217 14.493 22.2386 14.7824 22.2386C15.0739 22.2386 15.3449 22.1238 15.5487 21.9147L19.1235 18.2514C20.2139 17.13 20.4422 15.0144 18.9075 13.7147C17.7827 12.7634 16.0726 12.8569 14.9392 13.872C14.8856 13.92 14.8333 13.9701 14.7824 14.0222C14.7314 13.97 14.6791 13.9199 14.6254 13.8718ZM18.1546 14.588C19.0972 15.3869 18.9961 16.7262 18.2891 17.4541C18.2888 17.4543 18.2886 17.4546 18.2884 17.4548L14.7834 21.0466L11.2757 17.452C11.2756 17.4519 11.2755 17.4517 11.2753 17.4516C10.5681 16.7252 10.4682 15.3856 11.4108 14.5876L11.4112 14.5872C12.0748 14.0248 13.202 14.0556 13.949 14.8205L14.7824 15.674L15.6158 14.8205C16.3618 14.0567 17.4896 14.0256 18.1545 14.5879" fill="#EB0203"></path>
                        </svg>
                        </button>
                        </div>
                        </div>
                        <p class="ct-tile--brand">Manhãzitos</p>
                        <p class="ct-tile--quantity">emb. 280 gr (8 un)</p>
                        </div>
                        <div class="ct-tile-bottom row no-gutters justify-content-between">
                        <div class="ct-price-wrap col-8 col-sm-12">
                        <div class="price js-product-price">
                        <div class="prices-wrapper">
                        <span class="sales ct-tile--price-primary ">
                        <span class="value" content="2.69">
                        <span class="ct-price-formatted">
                        €2,69
                        </span>
                        <span class="ct-m-unit">
                        /un
                        </span>
                         </span>
                        </span>
                        </div>
                        <div class="ct-tile--price-secondary">
                        <span class="ct-price-value">
                        €9,61
                        </span>
                        <span class="ct-m-unit">
                        /kg
                        </span>
                        </div>
                        <p class="ct-discount-amount ct-discount-amount-pvpr">PVP Recomendado: €3,99/un</p>
                        </div>
                        </div>
                        <div class="ct-tile-buy-section d-flex justify-content-center no-gutters col-auto col-sm-12">
                        <div class="col-2 d-sm-flex d-none">
                        <button class="wishlist-toggler guest-mode inactive button button--tertiary" data-pid="2823116" data-add-url="https://www.continente.pt/on/demandware.store/Sites-continente-Site/default/Wishlist-AddProduct?pid=2823116" data-toggle="tooltip" aria-label="Adicionar aos favoritos " data-original-title="Adicionar aos favoritos" data-placement="top">
                        <svg class="active-content" width="100%" height="100%" viewBox="0 0 20 22" fill="none" xmlns="http://www.w3.org/2000/svg">
                        <path fill-rule="evenodd" clip-rule="evenodd" d="M0 1.53052C0 0.685236 0.692171 0 1.54601 0H15.0736C15.9274 0 16.6196 0.685235 16.6196 1.53052V13.4064L15.8127 13.922L14.2658 14.2658L12.7189 13.4064L10.6054 14.3818C10.4994 14.2451 10.3327 14.157 10.1452 14.157H6.76329C6.4431 14.157 6.18354 14.414 6.18354 14.731C6.18354 15.0479 6.4431 15.3049 6.76329 15.3049H10.1452C10.2478 15.3049 10.3441 15.2785 10.4277 15.2322L10.3126 16.8439L13.2345 20.2793H1.54601C0.69217 20.2793 0 19.5941 0 18.7488V1.53052ZM6.18354 5.5483C6.18354 5.23132 6.4431 4.97436 6.76329 4.97436H12.3676C12.6878 4.97436 12.9473 5.23132 12.9473 5.5483C12.9473 5.86528 12.6878 6.12224 12.3676 6.12224H6.76329C6.4431 6.12224 6.18354 5.86528 6.18354 5.5483ZM6.76329 11.0961C6.4431 11.0961 6.18354 11.3531 6.18354 11.6701C6.18354 11.987 6.4431 12.244 6.76329 12.244H12.3676C12.6878 12.244 12.9473 11.987 12.9473 11.6701C12.9473 11.3531 12.6878 11.0961 12.3676 11.0961H6.76329ZM6.18354 8.60985C6.18354 8.29287 6.4431 8.03591 6.76329 8.03591H12.3676C12.6878 8.03591 12.9473 8.29287 12.9473 8.60985C12.9473 8.92684 12.6878 9.1838 12.3676 9.1838H6.76329C6.4431 9.1838 6.18354 8.92684 6.18354 8.60985ZM3.67118 5.5483C3.67118 5.23132 3.93075 4.97436 4.25093 4.97436H4.63743C4.95762 4.97436 5.21719 5.23132 5.21719 5.5483C5.21719 5.86528 4.95762 6.12224 4.63743 6.12224H4.25093C3.93075 6.12224 3.67118 5.86528 3.67118 5.5483ZM4.25093 11.0961C3.93075 11.0961 3.67118 11.3531 3.67118 11.6701C3.67118 11.987 3.93075 12.244 4.25093 12.244H4.63743C4.95762 12.244 5.21719 11.987 5.21719 11.6701C5.21719 11.3531 4.95762 11.0961 4.63743 11.0961H4.25093ZM3.67118 8.60985C3.67118 8.29287 3.93075 8.03591 4.25093 8.03591H4.63743C4.95762 8.03591 5.21719 8.29287 5.21719 8.60985C5.21719 8.92684 4.95762 9.1838 4.63743 9.1838H4.25093C3.93075 9.1838 3.67118 8.92684 3.67118 8.60985ZM4.25093 14.157C3.93075 14.157 3.67118 14.414 3.67118 14.731C3.67118 15.0479 3.93075 15.3049 4.25093 15.3049H4.63743C4.95762 15.3049 5.21719 15.0479 5.21719 14.731C5.21719 14.414 4.95762 14.157 4.63743 14.157H4.25093Z" fill="#EB0203"></path>
                        <path fill-rule="evenodd" clip-rule="evenodd" d="M14.6252 13.6363C13.4918 12.6215 11.7817 12.5264 10.6569 13.4792C9.12421 14.7764 9.34841 16.8912 10.4409 18.0122L14.0159 21.6742C14.2197 21.8832 14.4928 22 14.7822 22C15.0737 22 15.3448 21.8852 15.5486 21.6762L19.1236 18.0142C20.214 16.8933 20.4423 14.7785 18.9075 13.4792C17.7827 12.5283 16.0724 12.6217 14.9391 13.6365C14.8855 13.6845 14.8331 13.7345 14.7822 13.7866C14.7313 13.7345 14.6789 13.6843 14.6252 13.6363ZM18.1546 14.3522C19.0973 15.1508 18.9962 16.4896 18.2891 17.2173C18.2888 17.2175 18.2886 17.2177 18.2884 17.218L14.7832 20.8084L11.2753 17.2151C11.2752 17.215 11.2751 17.2149 11.2749 17.2148C10.5677 16.4887 10.4678 15.1495 11.4104 14.3518L11.4108 14.3514C12.0745 13.7892 13.2018 13.82 13.9488 14.5846L14.7822 15.4378L15.6157 14.5846C16.3617 13.8211 17.4896 13.79 18.1545 14.3521" fill="#EB0203"></path>
                        </svg>
                        <svg class="inactive-content" width="100%" height="100%" viewBox="0 0 20 23" fill="none" xmlns="http://www.w3.org/2000/svg">
                        <path fill-rule="evenodd" clip-rule="evenodd" d="M6.18408 5.77914C6.18408 5.46223 6.44363 5.20532 6.7638 5.20532H12.3678C12.6879 5.20532 12.9475 5.46223 12.9475 5.77914C12.9475 6.09606 12.6879 6.35297 12.3678 6.35297H6.7638C6.44363 6.35297 6.18408 6.09606 6.18408 5.77914Z" fill="#EB0203"></path>
                        <path fill-rule="evenodd" clip-rule="evenodd" d="M6.18408 11.9034C6.18408 11.5865 6.44363 11.3296 6.7638 11.3296H12.3678C12.6879 11.3296 12.9475 11.5865 12.9475 11.9034C12.9475 12.2202 12.6879 12.4771 12.3678 12.4771H6.7638C6.44363 12.4771 6.18408 12.2202 6.18408 11.9034Z" fill="#EB0203"></path>
                        <path fill-rule="evenodd" clip-rule="evenodd" d="M6.18408 8.84116C6.18408 8.52424 6.44363 8.26733 6.7638 8.26733H12.3678C12.6879 8.26733 12.9475 8.52424 12.9475 8.84116C12.9475 9.15807 12.6879 9.41498 12.3678 9.41498H6.7638C6.44363 9.41498 6.18408 9.15807 6.18408 8.84116Z" fill="#EB0203"></path>
                        <path fill-rule="evenodd" clip-rule="evenodd" d="M6.18408 14.9655C6.18408 14.6486 6.44363 14.3917 6.7638 14.3917H10.1455C10.4657 14.3917 10.7252 14.6486 10.7252 14.9655C10.7252 15.2825 10.4657 15.5394 10.1455 15.5394H6.7638C6.44363 15.5394 6.18408 15.2825 6.18408 14.9655Z" fill="#EB0203"></path>
                        <path fill-rule="evenodd" clip-rule="evenodd" d="M3.67139 5.77914C3.67139 5.46223 3.93094 5.20532 4.25111 5.20532H4.63759C4.95776 5.20532 5.21731 5.46223 5.21731 5.77914C5.21731 6.09606 4.95776 6.35297 4.63759 6.35297H4.25111C3.93094 6.35297 3.67139 6.09606 3.67139 5.77914Z" fill="#EB0203"></path>
                        <path fill-rule="evenodd" clip-rule="evenodd" d="M3.67139 11.9034C3.67139 11.5865 3.93094 11.3296 4.25111 11.3296H4.63759C4.95776 11.3296 5.21731 11.5865 5.21731 11.9034C5.21731 12.2202 4.95776 12.4771 4.63759 12.4771H4.25111C3.93094 12.4771 3.67139 12.2202 3.67139 11.9034Z" fill="#EB0203"></path>
                        <path fill-rule="evenodd" clip-rule="evenodd" d="M3.67139 8.84116C3.67139 8.52424 3.93094 8.26733 4.25111 8.26733H4.63759C4.95776 8.26733 5.21731 8.52424 5.21731 8.84116C5.21731 9.15807 4.95776 9.41498 4.63759 9.41498H4.25111C3.93094 9.41498 3.67139 9.15807 3.67139 8.84116Z" fill="#EB0203"></path>
                        <path fill-rule="evenodd" clip-rule="evenodd" d="M3.67139 14.9655C3.67139 14.6486 3.93094 14.3917 4.25111 14.3917H4.63759C4.95776 14.3917 5.21731 14.6486 5.21731 14.9655C5.21731 15.2825 4.95776 15.5394 4.63759 15.5394H4.25111C3.93094 15.5394 3.67139 15.2825 3.67139 14.9655Z" fill="#EB0203"></path>
                        <path fill-rule="evenodd" clip-rule="evenodd" d="M0 1.76033C0 0.914738 0.692131 0.229248 1.54592 0.229248H15.0727C15.9265 0.229248 16.6186 0.914738 16.6186 1.76033V11.2818C16.6186 11.5989 16.3591 11.8559 16.0389 11.8559C15.7187 11.8559 15.4592 11.5989 15.4592 11.2818V1.76033C15.4592 1.54893 15.2862 1.37756 15.0727 1.37756H1.54592C1.33247 1.37756 1.15944 1.54893 1.15944 1.76033V18.985C1.15944 19.1964 1.33247 19.3678 1.54592 19.3678H9.27551C9.59568 19.3678 9.85523 19.6249 9.85523 19.942C9.85523 20.2591 9.59568 20.5161 9.27551 20.5161H1.54592C0.692131 20.5161 0 19.8306 0 18.985V1.76033Z" fill="#EB0203"></path>
                        <path fill-rule="evenodd" clip-rule="evenodd" d="M14.6254 13.8718C13.4921 12.8567 11.7821 12.7615 10.6574 13.7147C9.12472 15.0124 9.34891 17.128 10.4413 18.2493L14.0161 21.9126C14.2199 22.1217 14.493 22.2386 14.7824 22.2386C15.0739 22.2386 15.3449 22.1238 15.5487 21.9147L19.1235 18.2514C20.2139 17.13 20.4422 15.0144 18.9075 13.7147C17.7827 12.7634 16.0726 12.8569 14.9392 13.872C14.8856 13.92 14.8333 13.9701 14.7824 14.0222C14.7314 13.97 14.6791 13.9199 14.6254 13.8718ZM18.1546 14.588C19.0972 15.3869 18.9961 16.7262 18.2891 17.4541C18.2888 17.4543 18.2886 17.4546 18.2884 17.4548L14.7834 21.0466L11.2757 17.452C11.2756 17.4519 11.2755 17.4517 11.2753 17.4516C10.5681 16.7252 10.4682 15.3856 11.4108 14.5876L11.4112 14.5872C12.0748 14.0248 13.202 14.0556 13.949 14.8205L14.7824 15.674L15.6158 14.8205C16.3618 14.0567 17.4896 14.0256 18.1545 14.5879" fill="#EB0203"></path>
                        </svg>
                        </button>
                         </div>
                        <div class="col-sm-10 col-12">
                        <div class="ct-tile-quantity d-none" data-pid="2823116">
                        <input type="hidden" class="add-to-cart-url" value="https://www.continente.pt/on/demandware.store/Sites-continente-Site/default/Cart-AddProduct">
                        <div class="d-none tile-delete-confirmation-btn" data-pid="2823116" data-delay-time="3000" data-in-cart-msg="no carrinho" data-one-product-added="Adicionado ao carrinho" data-remove-from-cart-msg="Removido do carrinho" data-stay-open="6000.0" data-confirmation-image="{&quot;url&quot;:&quot;https://www.continente.pt/dw/image/v2/BDVS_PRD/on/demandware.static/-/Sites-col-master-catalog/default/dw0f7f7e76/images/col/282/2823116-frente.jpg?sw=87&amp;sh=80&quot;,&quot;fallbackimage&quot;:{&quot;url&quot;:&quot;https://www.continente.pt/dw/image/v2/BDVS_PRD/on/demandware.static/Sites-continente-Site/-/default/dw7c42b4da/images/noimagelarge_product.png?sw=87&amp;sh=80&quot;,&quot;title&quot;:&quot;Bolo de Leite&quot;,&quot;alt&quot;:&quot;Bolo de Leite&quot;},&quot;title&quot;:&quot;Bolo de Leite&quot;,&quot;alt&quot;:&quot;Bolo de Leite&quot;}"></div>
                        <div class="ct-tile-quantity-update quantity-update product-qty-vue" data-remove-action="https://www.continente.pt/on/demandware.store/Sites-continente-Site/default/Cart-RemoveProductLineItem" data-action="https://www.continente.pt/on/demandware.store/Sites-continente-Site/default/Cart-UpdateQuantity" data-dimension-update="https://www.continente.pt/on/demandware.store/Sites-continente-Site/default/Cart-DimensionUpdate" data-pid="2823116" data-uuid="8a9b9bb0a459ea6d4fed698ed8" data-add-delay="500.0" data-measure-options="{&quot;hasConversionRate&quot;:false,&quot;hasAlternativeSaleUnit&quot;:false,&quot;unitConversionRate&quot;:0,&quot;minOrderQuantity&quot;:1,&quot;stepQuantity&quot;:1,&quot;primaryunit&quot;:&quot;un&quot;,&quot;secondaryunit&quot;:&quot;kg&quot;,&quot;selectedunit&quot;:&quot;primary&quot;,&quot;maxNumberOfUnitsPerSale&quot;:50}" data-price-available="null" :data-has-error="isMaxQtyReached || isMinQtyReached || qtySelectedMoreThanOne">
                        <template v-show="prodUnits">
                        <div class="quantity-input-wrapper has-units">
                        <label class="visually-hidden" :for="'quantity-' + pid + additionalTag">
                        Quantidade no carrinho
                        </label>
                        <input :ref="'quantityInput-' + pid + additionalTag" class="add-to-cart-quantity form-control ct-form-input text-center" inputmode="numeric" :class="{'is-invalid': isInvalid}" :data-pid="pid + additionalTag" :name="'quantity-' + pid + additionalTag" type="text" aria-label="Insira a quantidade" title="" v-model="displayValue" @change="updateQuantity" @focus="updateQtyFormat" @blur="restoreQtyFormat" :disabled="!isPriceAvailable">
                        <span class="quantity-icon quantity-icon--minus">
                        <button class="decrease-quantity-btn" @click="updateQuantity" :disabled="!isPriceAvailable" role="button" aria-label="Reduzir quantidade">
                        <i class="css-math-minus"></i>
                        </button>
                        </span>
                        <span class="quantity-icon quantity-icon--plus">
                        <button class="increase-quantity-btn" @click="updateQuantity" :disabled="isMaxQtyReached || !isPriceAvailable" role="button" aria-label="Aumentar quantidade">
                        <i class="css-math-plus"></i>
                        </button>
                        <span class="quantity-btn-disabled-placeholder"></span>
                        </span>
                        <template v-if="isPDP">
                        <span class="quantity-error ct-span-error text-sm-center product-max-allocation" v-if="isMaxQtyReached">
                        Quantidade máxima atingida
                        </span>
                        <span class="quantity-error ct-span-product text-sm-center product-allocation" v-if="!isMinQtyReached &amp;&amp; !isMaxQtyReached">
                        {{quantitySelected}} no carrinho
                        </span>
                        <span class="quantity-error ct-span-error text-sm-center product-min-allocation" :data-pid="pid" v-if="isMinQtyReached &amp;&amp; !isMaxQtyReached">
                        Quantidade mínima atingida
                        </span>
                        </template>
                        </div>
                        <template v-if="showNotes">
                        <div class="add-note-link-container ">
                        <div class="add-note">
                        <a href="/produto/bolo-de-leite-manhazitos-2823116.html?showNote=true" class="ct-add-note-redirect-pdp" aria-label="Adicionar comentário">
                        <span class="svg-wrapper svg-icon-notes" style="width:19px; height:20px">
                        <svg class="svg-inline icon-notes" viewBox="0 0 28 30" xmlns="http://www.w3.org/2000/svg" width="100%" height="100%"><path d="M21.738 0C22.985 0 24 1.04 24 2.319V12.47c0 .469-.37.848-.828.848-.457 0-.827-.38-.827-.848V2.32c0-.343-.273-.622-.607-.622H2.262c-.334 0-.607.279-.607.622V27.68c0 .343.273.622.607.622h7.81c.457 0 .827.38.827.849 0 .468-.37.848-.827.848h-7.81C1.015 30 0 28.96 0 27.681V2.32C0 1.04 1.015 0 2.262 0h19.476zm2.844 16.004l.227.007c.823.053 1.589.39 2.176.964.64.627.993 1.46.993 2.349 0 .888-.353 1.722-.993 2.348l-6.83 6.665c-.11.108-.247.186-.397.226l-5.032 1.363c-.078.021-.16.032-.241.032-.242 0-.478-.097-.647-.266-.23-.231-.314-.566-.218-.874l1.49-4.798c.044-.139.122-.266.227-.369l6.844-6.677c.64-.625 1.493-.97 2.401-.97zm-2.886 3.94l-4.922 4.802-.947 3.048 3.22-.872 4.897-4.78-2.248-2.197zm2.887-2.174c-.425 0-.824.162-1.124.455l-.484.472 2.248 2.197.484-.472c.62-.606.62-1.591 0-2.197l-.117-.104c-.283-.227-.636-.35-1.007-.35zm-10.839.022c.498 0 .904.396.904.883 0 .488-.406.884-.904.884H5.946c-.499 0-.904-.396-.904-.884 0-.487.405-.883.904-.883zm5.042-4.876c.498 0 .904.397.904.884s-.406.884-.904.884H5.946c-.499 0-.904-.397-.904-.884s.405-.884.904-.884zm0-4.875c.498 0 .904.396.904.884 0 .487-.406.883-.904.883H5.946c-.499 0-.904-.396-.904-.883 0-.488.405-.884.904-.884z" fill="#EB0203" fill-rule="evenodd"></path></svg>
                        </span>
                        <div class="available-note d-none"></div>
                        </a>
                        </div>
                        </div>
                        </template>
                        <div class="measurement-unit-section" v-if="isPriceAvailable &amp;&amp; prodUnits ? prodUnits.hasAlternativeUnit : false">
                        <div class="ct-form-radio" @click="setDimension">
                        <input type="radio" title="" class="ct-form-check-input product-measurement-unit" :data-type="prodUnits.selectedUnit == prodUnits.secondaryUnit ? 'primary' : ''" :id="prodUnits.secondaryUnit + '-' + pid + '-measurement-unit-ptile' + additionalTag" :name="'measurement-unit-' + pid + '-ptile' + additionalTag" :value="prodUnits.secondaryUnit" v-model="prodUnits.selectedUnit">
                        <label :class="prodUnits.secondaryUnit + '-label ct-form-check-label mb-0'" :for="prodUnits.secondaryUnit + '-' + pid + '-measurement-unit-ptile' + additionalTag">
                        {{prodUnits.secondaryUnit}}
                        </label>
                        <span class="checkmark"></span>
                        </div>
                        <div class="ct-form-radio" @click="setDimension">
                        <input type="radio" title="" class="ct-form-check-input product-measurement-unit" :data-type="prodUnits.selectedUnit == prodUnits.primaryUnit ? 'primary' : ''" :id="prodUnits.primaryUnit + '-' + pid + '-measurement-unit-ptile' + additionalTag" :name="'measurement-unit-' + pid + '-ptile' + additionalTag" :value="prodUnits.primaryUnit" v-model="prodUnits.selectedUnit">
                        <label :class="prodUnits.primaryUnit + '-label ct-form-check-label mb-0'" :for="prodUnits.primaryUnit + '-' + pid + '-measurement-unit-ptile' + additionalTag">
                        {{prodUnits.primaryUnit}}
                        </label>
                        <span class="checkmark"></span>
                        </div>
                        </div>
                        <template v-if="!isPDP &amp;&amp; isPriceAvailable">
                        <span class="quantity-error ct-span-error product-max-allocation" v-if="isMaxQtyReached">
                        Quantidade máxima atingida
                        </span>
                        <span class="quantity-error ct-span-product product-allocation" v-if="!isMinQtyReached &amp;&amp; !isMaxQtyReached">
                        {{quantitySelected}} no carrinho
                        </span>
                        <span class="quantity-error ct-span-error product-min-allocation" :data-pid="pid" v-if="isMinQtyReached &amp;&amp; !isMaxQtyReached">
                        Quantidade mínima atingida
                        </span>
                        </template>
                        </template>
                        </div>
                        <input class="quantity-value-mask d-none" name="quantity" type="number" min="0" value="">
                        </div>
                        <button type="button" class="add-to-cart button js-add-to-cart js-add-to-cart-tile 2823116 button--primary dynamic-layout-btn" data-toggle="modal" data-target="#chooseBonusProductModal" data-pid="2823116" data-quantity-value="null" aria-label="Carrinho">
                        <span class="d-block d-sm-none">
                        <span class="svg-wrapper svg-icon-cart" style="width:20px; height:20px">
                        <svg class="svg-inline icon-cart" xmlns="http://www.w3.org/2000/svg" viewBox="0 0 500 500" width="100%" height="100%"><path fill="#EB0203" fill-rule="evenodd" d="M 485.67317,94.386311 C 476.37798,83.847129 463.09468,78.03348 448.30404,78.03348 H 90.690813 L 87.079511,51.327997 C 83.185582,22.539551 62.962285,0 41.011841,0 H 14.727836 C 6.563151,0 0,6.5286975 0,14.580758 c 0,8.05206 6.5945535,14.580758 14.727836,14.580758 h 26.284005 c 4.710398,0 14.696435,9.855222 16.894619,26.021523 L 100.01739,368.0631 c 1.88416,13.77244 9.01256,26.70549 20.1605,36.37417 8.25889,7.15046 18.02511,11.9071 28.26237,13.89679 -4.17655,7.58572 -6.53175,16.25957 -6.53175,25.493 0,29.53459 24.27424,53.59751 54.13815,53.59751 29.8325,0 54.13814,-24.03184 54.13814,-53.59751 0,-8.79818 -2.19818,-17.09897 -5.9979,-24.43598 h 77.12488 c -3.79973,7.33701 -5.96652,15.6378 -5.96652,24.43598 0,29.53459 24.27424,53.59751 54.13817,53.59751 29.83249,0 54.13814,-24.03184 54.13814,-53.59751 0,-8.79818 -2.1982,-17.09897 -5.9979,-24.43598 h 38.56243 c 8.13328,0 14.72783,-6.5287 14.72783,-14.61183 0,-8.02098 -6.59455,-14.54967 -14.72783,-14.54967 H 159.24277 c -14.38241,0 -28.13677,-11.90711 -30.02092,-26.02153 l -3.07746,-22.88154 h 290.6314 c 14.03698,0 27.94834,-5.28513 39.06488,-14.95381 11.11652,-9.6376 18.27632,-22.57065 20.16048,-36.37417 l 21.10259,-156.78201 c 1.94694,-14.51858 -2.10398,-28.29103 -11.43057,-38.861299 z M 220.76053,443.82706 c 0,13.49265 -11.08513,24.46709 -24.68247,24.46709 -13.62874,0 -24.71387,-10.97444 -24.71387,-24.46709 0,-13.49262 11.08513,-24.43598 24.71387,-24.43598 13.59734,0 24.68247,10.94336 24.68247,24.43598 z m 173.43675,0 c 0,13.49265 -11.08512,24.46709 -24.68245,24.46709 -13.62876,0 -24.71388,-10.97444 -24.71388,-24.46709 0,-13.49262 11.08512,-24.43598 24.71388,-24.43598 13.59733,0 24.68245,10.94336 24.68245,24.43598 z m 73.7648,-314.46558 -21.13397,156.782 c -1.88416,14.11442 -15.63851,26.05261 -30.02091,26.05261 H 122.25046 L 94.616142,107.19499 H 448.33544 c 6.18632,0 11.61896,2.2695 15.23028,6.37326 3.64269,4.13484 5.21283,9.73086 4.39636,15.79323 z"></path></svg>
                        </span>
                        </span>
                        <span class="add-to-cart--text d-none d-sm-block">Carrinho</span>
                        </button>
                        </div>
                        </div>
                        </div>
                        </div>
                        
                        <div class="col-12 d-sm-none">
                        </div>
                        </div>
                        </div>
                        </div>
                        </div>
                        <div class="col-12 col-sm-3 col-lg-2 productTile" data-idx="14">
                        
                        <script type="text/javascript">//<!--
                        /* <![CDATA[ */
                        (function(){
                        try {
                            if(window.CQuotient) {
                            var cq_params = {};
                            
                            cq_params.cookieId = window.CQuotient.getCQCookieId();
                            cq_params.userId = window.CQuotient.getCQUserId();
                            cq_params.emailId = CQuotient.getCQHashedEmail();
                            cq_params.loginId = CQuotient.getCQHashedLogin();
                            cq_params.accumulate = true;
                            cq_params.products = [{
                                id: '7405690',
                                sku: ''
                            }];
                            cq_params.categoryId = 'mercearias';
                            cq_params.refinements = '[{\"name\":\"priceMin\",\"value\":\"0.01\"},{\"name\":\"priceMax\",\"value\":\"null\"},{\"name\":\"curr\",\"value\":\"EUR\"},{\"name\":\"Category\",\"value\":\"mercearias\"}]';
                            cq_params.personalized = 'false';
                            cq_params.sortingRule = 'FOOD_Mercearia';
                            cq_params.imageUUID = '__UNDEFINED__';
                            cq_params.realm = "BDVS";
                            cq_params.siteId = "continente";
                            cq_params.instanceType = "prd";
                            cq_params.queryLocale = "default";
                            cq_params.locale = window.CQuotient.locale;
                            
                            if(window.CQuotient.sendActivity)
                                window.CQuotient.sendActivity(CQuotient.clientId, 'viewCategory', cq_params);
                            else
                                window.CQuotient.activities.push({
                                    activityType: 'viewCategory',
                                    parameters: cq_params
                                });
                          }
                        } catch(err) {}
                        })();
                        /* ]]> */
                        // -->
                        </script>
                        <script type="text/javascript">//<!--
                        /* <![CDATA[ (viewCategoryProduct-active_data.js) */
                        (function(){
                        try {
                            if (dw.ac) {
                                var search_params = {};
                                search_params.persd = 'false';
                                search_params.refs = '[{\"name\":\"priceMin\",\"value\":\"0.01\"},{\"name\":\"priceMax\",\"value\":\"null\"},{\"name\":\"curr\",\"value\":\"EUR\"},{\"name\":\"Category\",\"value\":\"mercearias\"}]';
                                search_params.sort = 'FOOD_Mercearia';
                                search_params.imageUUID = '';
                                search_params.searchID = 'afeeff71-841d-471a-a4b6-1885a5ac2689';
                                search_params.locale = 'default';
                                search_params.queryLocale = 'default';
                                search_params.showProducts = 'true';
                                dw.ac.applyContext({category: "mercearias", searchData: search_params});
                                if (typeof dw.ac._scheduleDataSubmission === "function") {
                                    dw.ac._scheduleDataSubmission();
                                }
                            }
                        } catch(err) {}
                        })();
                        /* ]]> */
                        // -->
                        </script>
                        <script type="text/javascript">//<!--
                        /* <![CDATA[ (viewProduct-active_data.js) */
                        dw.ac._capture({id: "7405690", type: "searchhit"});
                        /* ]]> */
                        // -->
                        </script>
                        <div class="product" data-pid="7405690">
                        <div class="product-tile pid-7405690 ct-product-tile data-layer-pushed" data-delay-time="3000" data-variants-mapping="[]" data-in-cart-msg="no carrinho" data-one-product-added="Adicionado ao carrinho" data-remove-from-cart-msg="Removido do carrinho" data-stay-open="6000.0" data-product-tile-impression="{&quot;name&quot;:&quot;7405690&quot;,&quot;id&quot;:&quot;7405690&quot;,&quot;price&quot;:17.99,&quot;brand&quot;:&quot;Dolce Gusto&quot;,&quot;category&quot;:[{&quot;category_level_1&quot;:&quot;Mercearia&quot;},{&quot;category_level_2&quot;:&quot;Café, Chá e Chocolate Solúvel&quot;},{&quot;category_level_3&quot;:&quot;Café em Cápsulas&quot;}],&quot;variant&quot;:&quot;&quot;}">
                        <div class="ct-inner-tile-wrap row no-gutters justify-content-center align-content-start">
                        
                        <div class="ct-image-container col-4 col-sm" data-confirmation-image="{&quot;url&quot;:&quot;https://www.continente.pt/dw/image/v2/BDVS_PRD/on/demandware.static/-/Sites-col-master-catalog/default/dwf9104c04/images/col/740/7405690-frente.jpg?sw=87&amp;sh=80&quot;,&quot;fallbackimage&quot;:{&quot;url&quot;:&quot;https://www.continente.pt/dw/image/v2/BDVS_PRD/on/demandware.static/Sites-continente-Site/-/default/dw7c42b4da/images/noimagelarge_product.png?sw=87&amp;sh=80&quot;,&quot;title&quot;:&quot;Cápsulas de Café Buondi Int 8&quot;,&quot;alt&quot;:&quot;Cápsulas de Café Buondi Int 8&quot;},&quot;title&quot;:&quot;Cápsulas de Café Buondi Int 8&quot;,&quot;alt&quot;:&quot;Cápsulas de Café Buondi Int 8&quot;}">
                        <a href="https://www.continente.pt/produto/capsulas-de-cafe-buondi-int-8-dolce-gusto-7405690.html?cgid=mercearias">
                        <picture class="intrinsic intrinsic--square">
                        <img class="ct-tile-image lazyloaded" loading="lazy" onerror="this.onerror=null;this.src='/on/demandware.static/Sites-continente-Site/-/default/dw7c42b4da/images/noimagelarge_product.png';" data-src="https://www.continente.pt/dw/image/v2/BDVS_PRD/on/demandware.static/-/Sites-col-master-catalog/default/dwf9104c04/images/col/740/7405690-frente.jpg?sw=280&amp;sh=280" alt="Cápsulas de Café Buondi Int 8" title="Cápsulas de Café Buondi Int 8" src="https://www.continente.pt/dw/image/v2/BDVS_PRD/on/demandware.static/-/Sites-col-master-catalog/default/dwf9104c04/images/col/740/7405690-frente.jpg?sw=280&amp;sh=280">
                        </picture>
                        </a>
                        <div class="color-swatches d-flex" style="margin-left: 5px;">
                        <div class="swatches d-flex">
                        </div>
                        </div>
                        </div>
                        <div class="ct-tile-body col col-sm-auto ">
                        <div class="ct-pdp-details">
                        <div class="ct-pdp-link">
                        <a class="ct-tile--description" href="https://www.continente.pt/produto/capsulas-de-cafe-buondi-int-8-dolce-gusto-7405690.html?cgid=mercearias">Cápsulas de Café Buondi Int 8</a>
                        <div class="ct-tile--favorite-top d-sm-none">
                        <button class="wishlist-toggler guest-mode inactive button button--tertiary" data-pid="7405690" data-add-url="https://www.continente.pt/on/demandware.store/Sites-continente-Site/default/Wishlist-AddProduct?pid=7405690" data-toggle="tooltip" aria-label="Adicionar aos favoritos " data-original-title="Adicionar aos favoritos" data-placement="top">
                        <svg class="active-content" width="100%" height="100%" viewBox="0 0 20 22" fill="none" xmlns="http://www.w3.org/2000/svg">
                        <path fill-rule="evenodd" clip-rule="evenodd" d="M0 1.53052C0 0.685236 0.692171 0 1.54601 0H15.0736C15.9274 0 16.6196 0.685235 16.6196 1.53052V13.4064L15.8127 13.922L14.2658 14.2658L12.7189 13.4064L10.6054 14.3818C10.4994 14.2451 10.3327 14.157 10.1452 14.157H6.76329C6.4431 14.157 6.18354 14.414 6.18354 14.731C6.18354 15.0479 6.4431 15.3049 6.76329 15.3049H10.1452C10.2478 15.3049 10.3441 15.2785 10.4277 15.2322L10.3126 16.8439L13.2345 20.2793H1.54601C0.69217 20.2793 0 19.5941 0 18.7488V1.53052ZM6.18354 5.5483C6.18354 5.23132 6.4431 4.97436 6.76329 4.97436H12.3676C12.6878 4.97436 12.9473 5.23132 12.9473 5.5483C12.9473 5.86528 12.6878 6.12224 12.3676 6.12224H6.76329C6.4431 6.12224 6.18354 5.86528 6.18354 5.5483ZM6.76329 11.0961C6.4431 11.0961 6.18354 11.3531 6.18354 11.6701C6.18354 11.987 6.4431 12.244 6.76329 12.244H12.3676C12.6878 12.244 12.9473 11.987 12.9473 11.6701C12.9473 11.3531 12.6878 11.0961 12.3676 11.0961H6.76329ZM6.18354 8.60985C6.18354 8.29287 6.4431 8.03591 6.76329 8.03591H12.3676C12.6878 8.03591 12.9473 8.29287 12.9473 8.60985C12.9473 8.92684 12.6878 9.1838 12.3676 9.1838H6.76329C6.4431 9.1838 6.18354 8.92684 6.18354 8.60985ZM3.67118 5.5483C3.67118 5.23132 3.93075 4.97436 4.25093 4.97436H4.63743C4.95762 4.97436 5.21719 5.23132 5.21719 5.5483C5.21719 5.86528 4.95762 6.12224 4.63743 6.12224H4.25093C3.93075 6.12224 3.67118 5.86528 3.67118 5.5483ZM4.25093 11.0961C3.93075 11.0961 3.67118 11.3531 3.67118 11.6701C3.67118 11.987 3.93075 12.244 4.25093 12.244H4.63743C4.95762 12.244 5.21719 11.987 5.21719 11.6701C5.21719 11.3531 4.95762 11.0961 4.63743 11.0961H4.25093ZM3.67118 8.60985C3.67118 8.29287 3.93075 8.03591 4.25093 8.03591H4.63743C4.95762 8.03591 5.21719 8.29287 5.21719 8.60985C5.21719 8.92684 4.95762 9.1838 4.63743 9.1838H4.25093C3.93075 9.1838 3.67118 8.92684 3.67118 8.60985ZM4.25093 14.157C3.93075 14.157 3.67118 14.414 3.67118 14.731C3.67118 15.0479 3.93075 15.3049 4.25093 15.3049H4.63743C4.95762 15.3049 5.21719 15.0479 5.21719 14.731C5.21719 14.414 4.95762 14.157 4.63743 14.157H4.25093Z" fill="#EB0203"></path>
                        <path fill-rule="evenodd" clip-rule="evenodd" d="M14.6252 13.6363C13.4918 12.6215 11.7817 12.5264 10.6569 13.4792C9.12421 14.7764 9.34841 16.8912 10.4409 18.0122L14.0159 21.6742C14.2197 21.8832 14.4928 22 14.7822 22C15.0737 22 15.3448 21.8852 15.5486 21.6762L19.1236 18.0142C20.214 16.8933 20.4423 14.7785 18.9075 13.4792C17.7827 12.5283 16.0724 12.6217 14.9391 13.6365C14.8855 13.6845 14.8331 13.7345 14.7822 13.7866C14.7313 13.7345 14.6789 13.6843 14.6252 13.6363ZM18.1546 14.3522C19.0973 15.1508 18.9962 16.4896 18.2891 17.2173C18.2888 17.2175 18.2886 17.2177 18.2884 17.218L14.7832 20.8084L11.2753 17.2151C11.2752 17.215 11.2751 17.2149 11.2749 17.2148C10.5677 16.4887 10.4678 15.1495 11.4104 14.3518L11.4108 14.3514C12.0745 13.7892 13.2018 13.82 13.9488 14.5846L14.7822 15.4378L15.6157 14.5846C16.3617 13.8211 17.4896 13.79 18.1545 14.3521" fill="#EB0203"></path>
                        </svg>
                        <svg class="inactive-content" width="100%" height="100%" viewBox="0 0 20 23" fill="none" xmlns="http://www.w3.org/2000/svg">
                        <path fill-rule="evenodd" clip-rule="evenodd" d="M6.18408 5.77914C6.18408 5.46223 6.44363 5.20532 6.7638 5.20532H12.3678C12.6879 5.20532 12.9475 5.46223 12.9475 5.77914C12.9475 6.09606 12.6879 6.35297 12.3678 6.35297H6.7638C6.44363 6.35297 6.18408 6.09606 6.18408 5.77914Z" fill="#EB0203"></path>
                        <path fill-rule="evenodd" clip-rule="evenodd" d="M6.18408 11.9034C6.18408 11.5865 6.44363 11.3296 6.7638 11.3296H12.3678C12.6879 11.3296 12.9475 11.5865 12.9475 11.9034C12.9475 12.2202 12.6879 12.4771 12.3678 12.4771H6.7638C6.44363 12.4771 6.18408 12.2202 6.18408 11.9034Z" fill="#EB0203"></path>
                        <path fill-rule="evenodd" clip-rule="evenodd" d="M6.18408 8.84116C6.18408 8.52424 6.44363 8.26733 6.7638 8.26733H12.3678C12.6879 8.26733 12.9475 8.52424 12.9475 8.84116C12.9475 9.15807 12.6879 9.41498 12.3678 9.41498H6.7638C6.44363 9.41498 6.18408 9.15807 6.18408 8.84116Z" fill="#EB0203"></path>
                        <path fill-rule="evenodd" clip-rule="evenodd" d="M6.18408 14.9655C6.18408 14.6486 6.44363 14.3917 6.7638 14.3917H10.1455C10.4657 14.3917 10.7252 14.6486 10.7252 14.9655C10.7252 15.2825 10.4657 15.5394 10.1455 15.5394H6.7638C6.44363 15.5394 6.18408 15.2825 6.18408 14.9655Z" fill="#EB0203"></path>
                        <path fill-rule="evenodd" clip-rule="evenodd" d="M3.67139 5.77914C3.67139 5.46223 3.93094 5.20532 4.25111 5.20532H4.63759C4.95776 5.20532 5.21731 5.46223 5.21731 5.77914C5.21731 6.09606 4.95776 6.35297 4.63759 6.35297H4.25111C3.93094 6.35297 3.67139 6.09606 3.67139 5.77914Z" fill="#EB0203"></path>
                        <path fill-rule="evenodd" clip-rule="evenodd" d="M3.67139 11.9034C3.67139 11.5865 3.93094 11.3296 4.25111 11.3296H4.63759C4.95776 11.3296 5.21731 11.5865 5.21731 11.9034C5.21731 12.2202 4.95776 12.4771 4.63759 12.4771H4.25111C3.93094 12.4771 3.67139 12.2202 3.67139 11.9034Z" fill="#EB0203"></path>
                        <path fill-rule="evenodd" clip-rule="evenodd" d="M3.67139 8.84116C3.67139 8.52424 3.93094 8.26733 4.25111 8.26733H4.63759C4.95776 8.26733 5.21731 8.52424 5.21731 8.84116C5.21731 9.15807 4.95776 9.41498 4.63759 9.41498H4.25111C3.93094 9.41498 3.67139 9.15807 3.67139 8.84116Z" fill="#EB0203"></path>
                        <path fill-rule="evenodd" clip-rule="evenodd" d="M3.67139 14.9655C3.67139 14.6486 3.93094 14.3917 4.25111 14.3917H4.63759C4.95776 14.3917 5.21731 14.6486 5.21731 14.9655C5.21731 15.2825 4.95776 15.5394 4.63759 15.5394H4.25111C3.93094 15.5394 3.67139 15.2825 3.67139 14.9655Z" fill="#EB0203"></path>
                        <path fill-rule="evenodd" clip-rule="evenodd" d="M0 1.76033C0 0.914738 0.692131 0.229248 1.54592 0.229248H15.0727C15.9265 0.229248 16.6186 0.914738 16.6186 1.76033V11.2818C16.6186 11.5989 16.3591 11.8559 16.0389 11.8559C15.7187 11.8559 15.4592 11.5989 15.4592 11.2818V1.76033C15.4592 1.54893 15.2862 1.37756 15.0727 1.37756H1.54592C1.33247 1.37756 1.15944 1.54893 1.15944 1.76033V18.985C1.15944 19.1964 1.33247 19.3678 1.54592 19.3678H9.27551C9.59568 19.3678 9.85523 19.6249 9.85523 19.942C9.85523 20.2591 9.59568 20.5161 9.27551 20.5161H1.54592C0.692131 20.5161 0 19.8306 0 18.985V1.76033Z" fill="#EB0203"></path>
                        <path fill-rule="evenodd" clip-rule="evenodd" d="M14.6254 13.8718C13.4921 12.8567 11.7821 12.7615 10.6574 13.7147C9.12472 15.0124 9.34891 17.128 10.4413 18.2493L14.0161 21.9126C14.2199 22.1217 14.493 22.2386 14.7824 22.2386C15.0739 22.2386 15.3449 22.1238 15.5487 21.9147L19.1235 18.2514C20.2139 17.13 20.4422 15.0144 18.9075 13.7147C17.7827 12.7634 16.0726 12.8569 14.9392 13.872C14.8856 13.92 14.8333 13.9701 14.7824 14.0222C14.7314 13.97 14.6791 13.9199 14.6254 13.8718ZM18.1546 14.588C19.0972 15.3869 18.9961 16.7262 18.2891 17.4541C18.2888 17.4543 18.2886 17.4546 18.2884 17.4548L14.7834 21.0466L11.2757 17.452C11.2756 17.4519 11.2755 17.4517 11.2753 17.4516C10.5681 16.7252 10.4682 15.3856 11.4108 14.5876L11.4112 14.5872C12.0748 14.0248 13.202 14.0556 13.949 14.8205L14.7824 15.674L15.6158 14.8205C16.3618 14.0567 17.4896 14.0256 18.1545 14.5879" fill="#EB0203"></path>
                        </svg>
                        </button>
                        </div>
                        </div>
                        <p class="ct-tile--brand">Dolce Gusto</p>
                        <p class="ct-tile--quantity">emb. 64 un</p>
                        </div>
                        <div class="ct-tile-bottom row no-gutters justify-content-between">
                        <div class="ct-price-wrap col-8 col-sm-12">
                        <div class="price js-product-price">
                        <div class="prices-wrapper">
                        <span class="sales ct-tile--price-primary ">
                        <span class="value" content="17.99">
                        <span class="ct-price-formatted">
                        €17,99
                        </span>
                        <span class="ct-m-unit">
                        /un
                        </span>
                        </span>
                        </span>
                        </div>
                        <div class="ct-tile--price-secondary">
                        <span class="ct-price-value">
                        €0,28
                        </span>
                        <span class="ct-m-unit">
                        /un
                        </span>
                        </div>
                        </div>
                        </div>
                        <div class="ct-tile-buy-section d-flex justify-content-center no-gutters col-auto col-sm-12">
                        <div class="col-2 d-sm-flex d-none">
                        <button class="wishlist-toggler guest-mode inactive button button--tertiary" data-pid="7405690" data-add-url="https://www.continente.pt/on/demandware.store/Sites-continente-Site/default/Wishlist-AddProduct?pid=7405690" data-toggle="tooltip" aria-label="Adicionar aos favoritos " data-original-title="Adicionar aos favoritos" data-placement="top">
                        <svg class="active-content" width="100%" height="100%" viewBox="0 0 20 22" fill="none" xmlns="http://www.w3.org/2000/svg">
                        <path fill-rule="evenodd" clip-rule="evenodd" d="M0 1.53052C0 0.685236 0.692171 0 1.54601 0H15.0736C15.9274 0 16.6196 0.685235 16.6196 1.53052V13.4064L15.8127 13.922L14.2658 14.2658L12.7189 13.4064L10.6054 14.3818C10.4994 14.2451 10.3327 14.157 10.1452 14.157H6.76329C6.4431 14.157 6.18354 14.414 6.18354 14.731C6.18354 15.0479 6.4431 15.3049 6.76329 15.3049H10.1452C10.2478 15.3049 10.3441 15.2785 10.4277 15.2322L10.3126 16.8439L13.2345 20.2793H1.54601C0.69217 20.2793 0 19.5941 0 18.7488V1.53052ZM6.18354 5.5483C6.18354 5.23132 6.4431 4.97436 6.76329 4.97436H12.3676C12.6878 4.97436 12.9473 5.23132 12.9473 5.5483C12.9473 5.86528 12.6878 6.12224 12.3676 6.12224H6.76329C6.4431 6.12224 6.18354 5.86528 6.18354 5.5483ZM6.76329 11.0961C6.4431 11.0961 6.18354 11.3531 6.18354 11.6701C6.18354 11.987 6.4431 12.244 6.76329 12.244H12.3676C12.6878 12.244 12.9473 11.987 12.9473 11.6701C12.9473 11.3531 12.6878 11.0961 12.3676 11.0961H6.76329ZM6.18354 8.60985C6.18354 8.29287 6.4431 8.03591 6.76329 8.03591H12.3676C12.6878 8.03591 12.9473 8.29287 12.9473 8.60985C12.9473 8.92684 12.6878 9.1838 12.3676 9.1838H6.76329C6.4431 9.1838 6.18354 8.92684 6.18354 8.60985ZM3.67118 5.5483C3.67118 5.23132 3.93075 4.97436 4.25093 4.97436H4.63743C4.95762 4.97436 5.21719 5.23132 5.21719 5.5483C5.21719 5.86528 4.95762 6.12224 4.63743 6.12224H4.25093C3.93075 6.12224 3.67118 5.86528 3.67118 5.5483ZM4.25093 11.0961C3.93075 11.0961 3.67118 11.3531 3.67118 11.6701C3.67118 11.987 3.93075 12.244 4.25093 12.244H4.63743C4.95762 12.244 5.21719 11.987 5.21719 11.6701C5.21719 11.3531 4.95762 11.0961 4.63743 11.0961H4.25093ZM3.67118 8.60985C3.67118 8.29287 3.93075 8.03591 4.25093 8.03591H4.63743C4.95762 8.03591 5.21719 8.29287 5.21719 8.60985C5.21719 8.92684 4.95762 9.1838 4.63743 9.1838H4.25093C3.93075 9.1838 3.67118 8.92684 3.67118 8.60985ZM4.25093 14.157C3.93075 14.157 3.67118 14.414 3.67118 14.731C3.67118 15.0479 3.93075 15.3049 4.25093 15.3049H4.63743C4.95762 15.3049 5.21719 15.0479 5.21719 14.731C5.21719 14.414 4.95762 14.157 4.63743 14.157H4.25093Z" fill="#EB0203"></path>
                        <path fill-rule="evenodd" clip-rule="evenodd" d="M14.6252 13.6363C13.4918 12.6215 11.7817 12.5264 10.6569 13.4792C9.12421 14.7764 9.34841 16.8912 10.4409 18.0122L14.0159 21.6742C14.2197 21.8832 14.4928 22 14.7822 22C15.0737 22 15.3448 21.8852 15.5486 21.6762L19.1236 18.0142C20.214 16.8933 20.4423 14.7785 18.9075 13.4792C17.7827 12.5283 16.0724 12.6217 14.9391 13.6365C14.8855 13.6845 14.8331 13.7345 14.7822 13.7866C14.7313 13.7345 14.6789 13.6843 14.6252 13.6363ZM18.1546 14.3522C19.0973 15.1508 18.9962 16.4896 18.2891 17.2173C18.2888 17.2175 18.2886 17.2177 18.2884 17.218L14.7832 20.8084L11.2753 17.2151C11.2752 17.215 11.2751 17.2149 11.2749 17.2148C10.5677 16.4887 10.4678 15.1495 11.4104 14.3518L11.4108 14.3514C12.0745 13.7892 13.2018 13.82 13.9488 14.5846L14.7822 15.4378L15.6157 14.5846C16.3617 13.8211 17.4896 13.79 18.1545 14.3521" fill="#EB0203"></path>
                        </svg>
                        <svg class="inactive-content" width="100%" height="100%" viewBox="0 0 20 23" fill="none" xmlns="http://www.w3.org/2000/svg">
                        <path fill-rule="evenodd" clip-rule="evenodd" d="M6.18408 5.77914C6.18408 5.46223 6.44363 5.20532 6.7638 5.20532H12.3678C12.6879 5.20532 12.9475 5.46223 12.9475 5.77914C12.9475 6.09606 12.6879 6.35297 12.3678 6.35297H6.7638C6.44363 6.35297 6.18408 6.09606 6.18408 5.77914Z" fill="#EB0203"></path>
                        <path fill-rule="evenodd" clip-rule="evenodd" d="M6.18408 11.9034C6.18408 11.5865 6.44363 11.3296 6.7638 11.3296H12.3678C12.6879 11.3296 12.9475 11.5865 12.9475 11.9034C12.9475 12.2202 12.6879 12.4771 12.3678 12.4771H6.7638C6.44363 12.4771 6.18408 12.2202 6.18408 11.9034Z" fill="#EB0203"></path>
                        <path fill-rule="evenodd" clip-rule="evenodd" d="M6.18408 8.84116C6.18408 8.52424 6.44363 8.26733 6.7638 8.26733H12.3678C12.6879 8.26733 12.9475 8.52424 12.9475 8.84116C12.9475 9.15807 12.6879 9.41498 12.3678 9.41498H6.7638C6.44363 9.41498 6.18408 9.15807 6.18408 8.84116Z" fill="#EB0203"></path>
                        <path fill-rule="evenodd" clip-rule="evenodd" d="M6.18408 14.9655C6.18408 14.6486 6.44363 14.3917 6.7638 14.3917H10.1455C10.4657 14.3917 10.7252 14.6486 10.7252 14.9655C10.7252 15.2825 10.4657 15.5394 10.1455 15.5394H6.7638C6.44363 15.5394 6.18408 15.2825 6.18408 14.9655Z" fill="#EB0203"></path>
                        <path fill-rule="evenodd" clip-rule="evenodd" d="M3.67139 5.77914C3.67139 5.46223 3.93094 5.20532 4.25111 5.20532H4.63759C4.95776 5.20532 5.21731 5.46223 5.21731 5.77914C5.21731 6.09606 4.95776 6.35297 4.63759 6.35297H4.25111C3.93094 6.35297 3.67139 6.09606 3.67139 5.77914Z" fill="#EB0203"></path>
                        <path fill-rule="evenodd" clip-rule="evenodd" d="M3.67139 11.9034C3.67139 11.5865 3.93094 11.3296 4.25111 11.3296H4.63759C4.95776 11.3296 5.21731 11.5865 5.21731 11.9034C5.21731 12.2202 4.95776 12.4771 4.63759 12.4771H4.25111C3.93094 12.4771 3.67139 12.2202 3.67139 11.9034Z" fill="#EB0203"></path>
                        <path fill-rule="evenodd" clip-rule="evenodd" d="M3.67139 8.84116C3.67139 8.52424 3.93094 8.26733 4.25111 8.26733H4.63759C4.95776 8.26733 5.21731 8.52424 5.21731 8.84116C5.21731 9.15807 4.95776 9.41498 4.63759 9.41498H4.25111C3.93094 9.41498 3.67139 9.15807 3.67139 8.84116Z" fill="#EB0203"></path>
                        <path fill-rule="evenodd" clip-rule="evenodd" d="M3.67139 14.9655C3.67139 14.6486 3.93094 14.3917 4.25111 14.3917H4.63759C4.95776 14.3917 5.21731 14.6486 5.21731 14.9655C5.21731 15.2825 4.95776 15.5394 4.63759 15.5394H4.25111C3.93094 15.5394 3.67139 15.2825 3.67139 14.9655Z" fill="#EB0203"></path>
                        <path fill-rule="evenodd" clip-rule="evenodd" d="M0 1.76033C0 0.914738 0.692131 0.229248 1.54592 0.229248H15.0727C15.9265 0.229248 16.6186 0.914738 16.6186 1.76033V11.2818C16.6186 11.5989 16.3591 11.8559 16.0389 11.8559C15.7187 11.8559 15.4592 11.5989 15.4592 11.2818V1.76033C15.4592 1.54893 15.2862 1.37756 15.0727 1.37756H1.54592C1.33247 1.37756 1.15944 1.54893 1.15944 1.76033V18.985C1.15944 19.1964 1.33247 19.3678 1.54592 19.3678H9.27551C9.59568 19.3678 9.85523 19.6249 9.85523 19.942C9.85523 20.2591 9.59568 20.5161 9.27551 20.5161H1.54592C0.692131 20.5161 0 19.8306 0 18.985V1.76033Z" fill="#EB0203"></path>
                        <path fill-rule="evenodd" clip-rule="evenodd" d="M14.6254 13.8718C13.4921 12.8567 11.7821 12.7615 10.6574 13.7147C9.12472 15.0124 9.34891 17.128 10.4413 18.2493L14.0161 21.9126C14.2199 22.1217 14.493 22.2386 14.7824 22.2386C15.0739 22.2386 15.3449 22.1238 15.5487 21.9147L19.1235 18.2514C20.2139 17.13 20.4422 15.0144 18.9075 13.7147C17.7827 12.7634 16.0726 12.8569 14.9392 13.872C14.8856 13.92 14.8333 13.9701 14.7824 14.0222C14.7314 13.97 14.6791 13.9199 14.6254 13.8718ZM18.1546 14.588C19.0972 15.3869 18.9961 16.7262 18.2891 17.4541C18.2888 17.4543 18.2886 17.4546 18.2884 17.4548L14.7834 21.0466L11.2757 17.452C11.2756 17.4519 11.2755 17.4517 11.2753 17.4516C10.5681 16.7252 10.4682 15.3856 11.4108 14.5876L11.4112 14.5872C12.0748 14.0248 13.202 14.0556 13.949 14.8205L14.7824 15.674L15.6158 14.8205C16.3618 14.0567 17.4896 14.0256 18.1545 14.5879" fill="#EB0203"></path>
                        </svg>
                        </button>
                        </div>
                        <div class="col-sm-10 col-12">
                        <div class="ct-tile-quantity d-none" data-pid="7405690">
                        <input type="hidden" class="add-to-cart-url" value="https://www.continente.pt/on/demandware.store/Sites-continente-Site/default/Cart-AddProduct">
                        <div class="d-none tile-delete-confirmation-btn" data-pid="7405690" data-delay-time="3000" data-in-cart-msg="no carrinho" data-one-product-added="Adicionado ao carrinho" data-remove-from-cart-msg="Removido do carrinho" data-stay-open="6000.0" data-confirmation-image="{&quot;url&quot;:&quot;https://www.continente.pt/dw/image/v2/BDVS_PRD/on/demandware.static/-/Sites-col-master-catalog/default/dwf9104c04/images/col/740/7405690-frente.jpg?sw=87&amp;sh=80&quot;,&quot;fallbackimage&quot;:{&quot;url&quot;:&quot;https://www.continente.pt/dw/image/v2/BDVS_PRD/on/demandware.static/Sites-continente-Site/-/default/dw7c42b4da/images/noimagelarge_product.png?sw=87&amp;sh=80&quot;,&quot;title&quot;:&quot;Cápsulas de Café Buondi Int 8&quot;,&quot;alt&quot;:&quot;Cápsulas de Café Buondi Int 8&quot;},&quot;title&quot;:&quot;Cápsulas de Café Buondi Int 8&quot;,&quot;alt&quot;:&quot;Cápsulas de Café Buondi Int 8&quot;}"></div>
                        <div class="ct-tile-quantity-update quantity-update product-qty-vue" data-remove-action="https://www.continente.pt/on/demandware.store/Sites-continente-Site/default/Cart-RemoveProductLineItem" data-action="https://www.continente.pt/on/demandware.store/Sites-continente-Site/default/Cart-UpdateQuantity" data-dimension-update="https://www.continente.pt/on/demandware.store/Sites-continente-Site/default/Cart-DimensionUpdate" data-pid="7405690" data-uuid="f47d9fa292ec03d4a887837022" data-add-delay="500.0" data-measure-options="{&quot;hasConversionRate&quot;:false,&quot;hasAlternativeSaleUnit&quot;:false,&quot;unitConversionRate&quot;:0,&quot;minOrderQuantity&quot;:1,&quot;stepQuantity&quot;:1,&quot;primaryunit&quot;:&quot;un&quot;,&quot;secondaryunit&quot;:&quot;un&quot;,&quot;selectedunit&quot;:&quot;primary&quot;,&quot;maxNumberOfUnitsPerSale&quot;:50}" data-price-available="null" :data-has-error="isMaxQtyReached || isMinQtyReached || qtySelectedMoreThanOne">
                        <template v-show="prodUnits">
                        <div class="quantity-input-wrapper has-units">
                        <label class="visually-hidden" :for="'quantity-' + pid + additionalTag">
                        Quantidade no carrinho
                        </label>
                        <input :ref="'quantityInput-' + pid + additionalTag" class="add-to-cart-quantity form-control ct-form-input text-center" inputmode="numeric" :class="{'is-invalid': isInvalid}" :data-pid="pid + additionalTag" :name="'quantity-' + pid + additionalTag" type="text" aria-label="Insira a quantidade" title="" v-model="displayValue" @change="updateQuantity" @focus="updateQtyFormat" @blur="restoreQtyFormat" :disabled="!isPriceAvailable">
                        <span class="quantity-icon quantity-icon--minus">
                        <button class="decrease-quantity-btn" @click="updateQuantity" :disabled="!isPriceAvailable" role="button" aria-label="Reduzir quantidade">
                        <i class="css-math-minus"></i>
                        </button>
                        </span>
                        <span class="quantity-icon quantity-icon--plus">
                        <button class="increase-quantity-btn" @click="updateQuantity" :disabled="isMaxQtyReached || !isPriceAvailable" role="button" aria-label="Aumentar quantidade">
                        <i class="css-math-plus"></i>
                        </button>
                        <span class="quantity-btn-disabled-placeholder"></span>
                        </span>
                        <template v-if="isPDP">
                        <span class="quantity-error ct-span-error text-sm-center product-max-allocation" v-if="isMaxQtyReached">
                        Quantidade máxima atingida
                        </span>
                        <span class="quantity-error ct-span-product text-sm-center product-allocation" v-if="!isMinQtyReached &amp;&amp; !isMaxQtyReached">
                        {{quantitySelected}} no carrinho
                        </span>
                        <span class="quantity-error ct-span-error text-sm-center product-min-allocation" :data-pid="pid" v-if="isMinQtyReached &amp;&amp; !isMaxQtyReached">
                        Quantidade mínima atingida
                        </span>
                        </template>
                         </div>
                        <template v-if="showNotes">
                        <div class="add-note-link-container ">
                        <div class="add-note">
                        <a href="/produto/capsulas-de-cafe-buondi-int-8-dolce-gusto-7405690.html?showNote=true" class="ct-add-note-redirect-pdp" aria-label="Adicionar comentário">
                        <span class="svg-wrapper svg-icon-notes" style="width:19px; height:20px">
                        <svg class="svg-inline icon-notes" viewBox="0 0 28 30" xmlns="http://www.w3.org/2000/svg" width="100%" height="100%"><path d="M21.738 0C22.985 0 24 1.04 24 2.319V12.47c0 .469-.37.848-.828.848-.457 0-.827-.38-.827-.848V2.32c0-.343-.273-.622-.607-.622H2.262c-.334 0-.607.279-.607.622V27.68c0 .343.273.622.607.622h7.81c.457 0 .827.38.827.849 0 .468-.37.848-.827.848h-7.81C1.015 30 0 28.96 0 27.681V2.32C0 1.04 1.015 0 2.262 0h19.476zm2.844 16.004l.227.007c.823.053 1.589.39 2.176.964.64.627.993 1.46.993 2.349 0 .888-.353 1.722-.993 2.348l-6.83 6.665c-.11.108-.247.186-.397.226l-5.032 1.363c-.078.021-.16.032-.241.032-.242 0-.478-.097-.647-.266-.23-.231-.314-.566-.218-.874l1.49-4.798c.044-.139.122-.266.227-.369l6.844-6.677c.64-.625 1.493-.97 2.401-.97zm-2.886 3.94l-4.922 4.802-.947 3.048 3.22-.872 4.897-4.78-2.248-2.197zm2.887-2.174c-.425 0-.824.162-1.124.455l-.484.472 2.248 2.197.484-.472c.62-.606.62-1.591 0-2.197l-.117-.104c-.283-.227-.636-.35-1.007-.35zm-10.839.022c.498 0 .904.396.904.883 0 .488-.406.884-.904.884H5.946c-.499 0-.904-.396-.904-.884 0-.487.405-.883.904-.883zm5.042-4.876c.498 0 .904.397.904.884s-.406.884-.904.884H5.946c-.499 0-.904-.397-.904-.884s.405-.884.904-.884zm0-4.875c.498 0 .904.396.904.884 0 .487-.406.883-.904.883H5.946c-.499 0-.904-.396-.904-.883 0-.488.405-.884.904-.884z" fill="#EB0203" fill-rule="evenodd"></path></svg>
                        </span>
                        <div class="available-note d-none"></div>
                        </a>
                        </div>
                        </div>
                        </template>
                        <div class="measurement-unit-section" v-if="isPriceAvailable &amp;&amp; prodUnits ? prodUnits.hasAlternativeUnit : false">
                        <div class="ct-form-radio" @click="setDimension">
                        <input type="radio" title="" class="ct-form-check-input product-measurement-unit" :data-type="prodUnits.selectedUnit == prodUnits.secondaryUnit ? 'primary' : ''" :id="prodUnits.secondaryUnit + '-' + pid + '-measurement-unit-ptile' + additionalTag" :name="'measurement-unit-' + pid + '-ptile' + additionalTag" :value="prodUnits.secondaryUnit" v-model="prodUnits.selectedUnit">
                        <label :class="prodUnits.secondaryUnit + '-label ct-form-check-label mb-0'" :for="prodUnits.secondaryUnit + '-' + pid + '-measurement-unit-ptile' + additionalTag">
                        {{prodUnits.secondaryUnit}}
                        </label>
                        <span class="checkmark"></span>
                        </div>
                        <div class="ct-form-radio" @click="setDimension">
                        <input type="radio" title="" class="ct-form-check-input product-measurement-unit" :data-type="prodUnits.selectedUnit == prodUnits.primaryUnit ? 'primary' : ''" :id="prodUnits.primaryUnit + '-' + pid + '-measurement-unit-ptile' + additionalTag" :name="'measurement-unit-' + pid + '-ptile' + additionalTag" :value="prodUnits.primaryUnit" v-model="prodUnits.selectedUnit">
                        <label :class="prodUnits.primaryUnit + '-label ct-form-check-label mb-0'" :for="prodUnits.primaryUnit + '-' + pid + '-measurement-unit-ptile' + additionalTag">
                        {{prodUnits.primaryUnit}}
                        </label>
                        <span class="checkmark"></span>
                        </div>
                        </div>
                        <template v-if="!isPDP &amp;&amp; isPriceAvailable">
                        <span class="quantity-error ct-span-error product-max-allocation" v-if="isMaxQtyReached">
                        Quantidade máxima atingida
                        </span>
                        <span class="quantity-error ct-span-product product-allocation" v-if="!isMinQtyReached &amp;&amp; !isMaxQtyReached">
                        {{quantitySelected}} no carrinho
                        </span>
                        <span class="quantity-error ct-span-error product-min-allocation" :data-pid="pid" v-if="isMinQtyReached &amp;&amp; !isMaxQtyReached">
                        Quantidade mínima atingida
                        </span>
                        </template>
                        </template>
                        </div>
                        <input class="quantity-value-mask d-none" name="quantity" type="number" min="0" value="">
                        </div>
                        <button type="button" class="add-to-cart button js-add-to-cart js-add-to-cart-tile 7405690 button--primary dynamic-layout-btn" data-toggle="modal" data-target="#chooseBonusProductModal" data-pid="7405690" data-quantity-value="null" aria-label="Carrinho">
                        <span class="d-block d-sm-none">
                        <span class="svg-wrapper svg-icon-cart" style="width:20px; height:20px">
                        <svg class="svg-inline icon-cart" xmlns="http://www.w3.org/2000/svg" viewBox="0 0 500 500" width="100%" height="100%"><path fill="#EB0203" fill-rule="evenodd" d="M 485.67317,94.386311 C 476.37798,83.847129 463.09468,78.03348 448.30404,78.03348 H 90.690813 L 87.079511,51.327997 C 83.185582,22.539551 62.962285,0 41.011841,0 H 14.727836 C 6.563151,0 0,6.5286975 0,14.580758 c 0,8.05206 6.5945535,14.580758 14.727836,14.580758 h 26.284005 c 4.710398,0 14.696435,9.855222 16.894619,26.021523 L 100.01739,368.0631 c 1.88416,13.77244 9.01256,26.70549 20.1605,36.37417 8.25889,7.15046 18.02511,11.9071 28.26237,13.89679 -4.17655,7.58572 -6.53175,16.25957 -6.53175,25.493 0,29.53459 24.27424,53.59751 54.13815,53.59751 29.8325,0 54.13814,-24.03184 54.13814,-53.59751 0,-8.79818 -2.19818,-17.09897 -5.9979,-24.43598 h 77.12488 c -3.79973,7.33701 -5.96652,15.6378 -5.96652,24.43598 0,29.53459 24.27424,53.59751 54.13817,53.59751 29.83249,0 54.13814,-24.03184 54.13814,-53.59751 0,-8.79818 -2.1982,-17.09897 -5.9979,-24.43598 h 38.56243 c 8.13328,0 14.72783,-6.5287 14.72783,-14.61183 0,-8.02098 -6.59455,-14.54967 -14.72783,-14.54967 H 159.24277 c -14.38241,0 -28.13677,-11.90711 -30.02092,-26.02153 l -3.07746,-22.88154 h 290.6314 c 14.03698,0 27.94834,-5.28513 39.06488,-14.95381 11.11652,-9.6376 18.27632,-22.57065 20.16048,-36.37417 l 21.10259,-156.78201 c 1.94694,-14.51858 -2.10398,-28.29103 -11.43057,-38.861299 z M 220.76053,443.82706 c 0,13.49265 -11.08513,24.46709 -24.68247,24.46709 -13.62874,0 -24.71387,-10.97444 -24.71387,-24.46709 0,-13.49262 11.08513,-24.43598 24.71387,-24.43598 13.59734,0 24.68247,10.94336 24.68247,24.43598 z m 173.43675,0 c 0,13.49265 -11.08512,24.46709 -24.68245,24.46709 -13.62876,0 -24.71388,-10.97444 -24.71388,-24.46709 0,-13.49262 11.08512,-24.43598 24.71388,-24.43598 13.59733,0 24.68245,10.94336 24.68245,24.43598 z m 73.7648,-314.46558 -21.13397,156.782 c -1.88416,14.11442 -15.63851,26.05261 -30.02091,26.05261 H 122.25046 L 94.616142,107.19499 H 448.33544 c 6.18632,0 11.61896,2.2695 15.23028,6.37326 3.64269,4.13484 5.21283,9.73086 4.39636,15.79323 z"></path></svg>
                        </span>
                        </span>
                        <span class="add-to-cart--text d-none d-sm-block">Carrinho</span>
                        </button>
                        </div>
                        </div>
                        </div>
                        </div>
                        
                        <div class="col-12 d-sm-none">
                        </div>
                        </div>
                        </div>
                        </div>
                        </div>
                        <div class="col-12 col-sm-3 col-lg-2 productTile" data-idx="15">
                        
                        <script type="text/javascript">//<!--
                        /* <![CDATA[ */
                        (function(){
                        try {
                            if(window.CQuotient) {
                            var cq_params = {};
                            
                            cq_params.cookieId = window.CQuotient.getCQCookieId();
                            cq_params.userId = window.CQuotient.getCQUserId();
                            cq_params.emailId = CQuotient.getCQHashedEmail();
                            cq_params.loginId = CQuotient.getCQHashedLogin();
                            cq_params.accumulate = true;
                            cq_params.products = [{
                                id: '4949515',
                                sku: ''
                            }];
                            cq_params.categoryId = 'mercearias';
                            cq_params.refinements = '[{\"name\":\"priceMin\",\"value\":\"0.01\"},{\"name\":\"priceMax\",\"value\":\"null\"},{\"name\":\"curr\",\"value\":\"EUR\"},{\"name\":\"Category\",\"value\":\"mercearias\"}]';
                            cq_params.personalized = 'false';
                            cq_params.sortingRule = 'FOOD_Mercearia';
                            cq_params.imageUUID = '__UNDEFINED__';
                            cq_params.realm = "BDVS";
                            cq_params.siteId = "continente";
                            cq_params.instanceType = "prd";
                            cq_params.queryLocale = "default";
                            cq_params.locale = window.CQuotient.locale;
                            
                            if(window.CQuotient.sendActivity)
                                window.CQuotient.sendActivity(CQuotient.clientId, 'viewCategory', cq_params);
                            else
                                window.CQuotient.activities.push({
                                    activityType: 'viewCategory',
                                    parameters: cq_params
                                });
                          }
                        } catch(err) {}
                        })();
                        /* ]]> */
                        // -->
                        </script>
                        <script type="text/javascript">//<!--
                        /* <![CDATA[ (viewCategoryProduct-active_data.js) */
                        (function(){
                        try {
                            if (dw.ac) {
                                var search_params = {};
                                search_params.persd = 'false';
                                search_params.refs = '[{\"name\":\"priceMin\",\"value\":\"0.01\"},{\"name\":\"priceMax\",\"value\":\"null\"},{\"name\":\"curr\",\"value\":\"EUR\"},{\"name\":\"Category\",\"value\":\"mercearias\"}]';
                                search_params.sort = 'FOOD_Mercearia';
                                search_params.imageUUID = '';
                                search_params.searchID = 'afeeff71-841d-471a-a4b6-1885a5ac2689';
                                search_params.locale = 'default';
                                search_params.queryLocale = 'default';
                                search_params.showProducts = 'true';
                                dw.ac.applyContext({category: "mercearias", searchData: search_params});
                                if (typeof dw.ac._scheduleDataSubmission === "function") {
                                    dw.ac._scheduleDataSubmission();
                                }
                            }
                        } catch(err) {}
                        })();
                        /* ]]> */
                        // -->
                        </script>
                        <script type="text/javascript">//<!--
                        /* <![CDATA[ (viewProduct-active_data.js) */
                        dw.ac._capture({id: "4949515", type: "searchhit"});
                        /* ]]> */
                        // -->
                        </script>
                        <div class="product" data-pid="4949515">
                        <div class="product-tile pid-4949515 ct-product-tile data-layer-pushed" data-delay-time="3000" data-variants-mapping="[]" data-in-cart-msg="no carrinho" data-one-product-added="Adicionado ao carrinho" data-remove-from-cart-msg="Removido do carrinho" data-stay-open="6000.0" data-product-tile-impression="{&quot;name&quot;:&quot;4949515&quot;,&quot;id&quot;:&quot;4949515&quot;,&quot;price&quot;:2.29,&quot;brand&quot;:&quot;Continente&quot;,&quot;category&quot;:[{&quot;category_level_1&quot;:&quot;Mercearia&quot;},{&quot;category_level_2&quot;:&quot;Arroz, Massa e Farinha&quot;},{&quot;category_level_3&quot;:&quot;Arroz&quot;}],&quot;variant&quot;:&quot;&quot;}">
                        <div class="ct-inner-tile-wrap row no-gutters justify-content-center align-content-start">
                        
                        <div class="ct-image-container col-4 col-sm" data-confirmation-image="{&quot;url&quot;:&quot;https://www.continente.pt/dw/image/v2/BDVS_PRD/on/demandware.static/-/Sites-col-master-catalog/default/dwe2871711/images/col/494/4949515-frente.jpg?sw=87&amp;sh=80&quot;,&quot;fallbackimage&quot;:{&quot;url&quot;:&quot;https://www.continente.pt/dw/image/v2/BDVS_PRD/on/demandware.static/Sites-continente-Site/-/default/dw7c42b4da/images/noimagelarge_product.png?sw=87&amp;sh=80&quot;,&quot;title&quot;:&quot;Arroz Basmati&quot;,&quot;alt&quot;:&quot;Arroz Basmati&quot;},&quot;title&quot;:&quot;Arroz Basmati&quot;,&quot;alt&quot;:&quot;Arroz Basmati&quot;}">
                        <a href="https://www.continente.pt/produto/arroz-basmati-continente-4949515.html?cgid=mercearias">
                        <picture class="intrinsic intrinsic--square">
                        <img class="ct-tile-image lazyloaded" loading="lazy" onerror="this.onerror=null;this.src='/on/demandware.static/Sites-continente-Site/-/default/dw7c42b4da/images/noimagelarge_product.png';" data-src="https://www.continente.pt/dw/image/v2/BDVS_PRD/on/demandware.static/-/Sites-col-master-catalog/default/dwe2871711/images/col/494/4949515-frente.jpg?sw=280&amp;sh=280" alt="Arroz Basmati" title="Arroz Basmati" src="https://www.continente.pt/dw/image/v2/BDVS_PRD/on/demandware.static/-/Sites-col-master-catalog/default/dwe2871711/images/col/494/4949515-frente.jpg?sw=280&amp;sh=280">
                        </picture>
                        </a>
                        <div class="color-swatches d-flex" style="margin-left: 5px;">
                        <div class="swatches d-flex">
                        </div>
                        </div>
                        </div>
                        <div class="ct-tile-body col col-sm-auto ">
                        <div class="ct-pdp-details">
                        <div class="ct-pdp-link">
                        <a class="ct-tile--description" href="https://www.continente.pt/produto/arroz-basmati-continente-4949515.html?cgid=mercearias">Arroz Basmati</a>
                        <div class="ct-tile--favorite-top d-sm-none">
                        <button class="wishlist-toggler guest-mode inactive button button--tertiary" data-pid="4949515" data-add-url="https://www.continente.pt/on/demandware.store/Sites-continente-Site/default/Wishlist-AddProduct?pid=4949515" data-toggle="tooltip" aria-label="Adicionar aos favoritos " data-original-title="Adicionar aos favoritos" data-placement="top">
                        
                        <svg class="active-content" width="100%" height="100%" viewBox="0 0 20 22" fill="none" xmlns="http://www.w3.org/2000/svg">
                        <path fill-rule="evenodd" clip-rule="evenodd" d="M0 1.53052C0 0.685236 0.692171 0 1.54601 0H15.0736C15.9274 0 16.6196 0.685235 16.6196 1.53052V13.4064L15.8127 13.922L14.2658 14.2658L12.7189 13.4064L10.6054 14.3818C10.4994 14.2451 10.3327 14.157 10.1452 14.157H6.76329C6.4431 14.157 6.18354 14.414 6.18354 14.731C6.18354 15.0479 6.4431 15.3049 6.76329 15.3049H10.1452C10.2478 15.3049 10.3441 15.2785 10.4277 15.2322L10.3126 16.8439L13.2345 20.2793H1.54601C0.69217 20.2793 0 19.5941 0 18.7488V1.53052ZM6.18354 5.5483C6.18354 5.23132 6.4431 4.97436 6.76329 4.97436H12.3676C12.6878 4.97436 12.9473 5.23132 12.9473 5.5483C12.9473 5.86528 12.6878 6.12224 12.3676 6.12224H6.76329C6.4431 6.12224 6.18354 5.86528 6.18354 5.5483ZM6.76329 11.0961C6.4431 11.0961 6.18354 11.3531 6.18354 11.6701C6.18354 11.987 6.4431 12.244 6.76329 12.244H12.3676C12.6878 12.244 12.9473 11.987 12.9473 11.6701C12.9473 11.3531 12.6878 11.0961 12.3676 11.0961H6.76329ZM6.18354 8.60985C6.18354 8.29287 6.4431 8.03591 6.76329 8.03591H12.3676C12.6878 8.03591 12.9473 8.29287 12.9473 8.60985C12.9473 8.92684 12.6878 9.1838 12.3676 9.1838H6.76329C6.4431 9.1838 6.18354 8.92684 6.18354 8.60985ZM3.67118 5.5483C3.67118 5.23132 3.93075 4.97436 4.25093 4.97436H4.63743C4.95762 4.97436 5.21719 5.23132 5.21719 5.5483C5.21719 5.86528 4.95762 6.12224 4.63743 6.12224H4.25093C3.93075 6.12224 3.67118 5.86528 3.67118 5.5483ZM4.25093 11.0961C3.93075 11.0961 3.67118 11.3531 3.67118 11.6701C3.67118 11.987 3.93075 12.244 4.25093 12.244H4.63743C4.95762 12.244 5.21719 11.987 5.21719 11.6701C5.21719 11.3531 4.95762 11.0961 4.63743 11.0961H4.25093ZM3.67118 8.60985C3.67118 8.29287 3.93075 8.03591 4.25093 8.03591H4.63743C4.95762 8.03591 5.21719 8.29287 5.21719 8.60985C5.21719 8.92684 4.95762 9.1838 4.63743 9.1838H4.25093C3.93075 9.1838 3.67118 8.92684 3.67118 8.60985ZM4.25093 14.157C3.93075 14.157 3.67118 14.414 3.67118 14.731C3.67118 15.0479 3.93075 15.3049 4.25093 15.3049H4.63743C4.95762 15.3049 5.21719 15.0479 5.21719 14.731C5.21719 14.414 4.95762 14.157 4.63743 14.157H4.25093Z" fill="#EB0203"></path>
                        <path fill-rule="evenodd" clip-rule="evenodd" d="M14.6252 13.6363C13.4918 12.6215 11.7817 12.5264 10.6569 13.4792C9.12421 14.7764 9.34841 16.8912 10.4409 18.0122L14.0159 21.6742C14.2197 21.8832 14.4928 22 14.7822 22C15.0737 22 15.3448 21.8852 15.5486 21.6762L19.1236 18.0142C20.214 16.8933 20.4423 14.7785 18.9075 13.4792C17.7827 12.5283 16.0724 12.6217 14.9391 13.6365C14.8855 13.6845 14.8331 13.7345 14.7822 13.7866C14.7313 13.7345 14.6789 13.6843 14.6252 13.6363ZM18.1546 14.3522C19.0973 15.1508 18.9962 16.4896 18.2891 17.2173C18.2888 17.2175 18.2886 17.2177 18.2884 17.218L14.7832 20.8084L11.2753 17.2151C11.2752 17.215 11.2751 17.2149 11.2749 17.2148C10.5677 16.4887 10.4678 15.1495 11.4104 14.3518L11.4108 14.3514C12.0745 13.7892 13.2018 13.82 13.9488 14.5846L14.7822 15.4378L15.6157 14.5846C16.3617 13.8211 17.4896 13.79 18.1545 14.3521" fill="#EB0203"></path>
                        </svg>
                        <svg class="inactive-content" width="100%" height="100%" viewBox="0 0 20 23" fill="none" xmlns="http://www.w3.org/2000/svg">
                        <path fill-rule="evenodd" clip-rule="evenodd" d="M6.18408 5.77914C6.18408 5.46223 6.44363 5.20532 6.7638 5.20532H12.3678C12.6879 5.20532 12.9475 5.46223 12.9475 5.77914C12.9475 6.09606 12.6879 6.35297 12.3678 6.35297H6.7638C6.44363 6.35297 6.18408 6.09606 6.18408 5.77914Z" fill="#EB0203"></path>
                        <path fill-rule="evenodd" clip-rule="evenodd" d="M6.18408 11.9034C6.18408 11.5865 6.44363 11.3296 6.7638 11.3296H12.3678C12.6879 11.3296 12.9475 11.5865 12.9475 11.9034C12.9475 12.2202 12.6879 12.4771 12.3678 12.4771H6.7638C6.44363 12.4771 6.18408 12.2202 6.18408 11.9034Z" fill="#EB0203"></path>
                        <path fill-rule="evenodd" clip-rule="evenodd" d="M6.18408 8.84116C6.18408 8.52424 6.44363 8.26733 6.7638 8.26733H12.3678C12.6879 8.26733 12.9475 8.52424 12.9475 8.84116C12.9475 9.15807 12.6879 9.41498 12.3678 9.41498H6.7638C6.44363 9.41498 6.18408 9.15807 6.18408 8.84116Z" fill="#EB0203"></path>
                        <path fill-rule="evenodd" clip-rule="evenodd" d="M6.18408 14.9655C6.18408 14.6486 6.44363 14.3917 6.7638 14.3917H10.1455C10.4657 14.3917 10.7252 14.6486 10.7252 14.9655C10.7252 15.2825 10.4657 15.5394 10.1455 15.5394H6.7638C6.44363 15.5394 6.18408 15.2825 6.18408 14.9655Z" fill="#EB0203"></path>
                        <path fill-rule="evenodd" clip-rule="evenodd" d="M3.67139 5.77914C3.67139 5.46223 3.93094 5.20532 4.25111 5.20532H4.63759C4.95776 5.20532 5.21731 5.46223 5.21731 5.77914C5.21731 6.09606 4.95776 6.35297 4.63759 6.35297H4.25111C3.93094 6.35297 3.67139 6.09606 3.67139 5.77914Z" fill="#EB0203"></path>
                        <path fill-rule="evenodd" clip-rule="evenodd" d="M3.67139 11.9034C3.67139 11.5865 3.93094 11.3296 4.25111 11.3296H4.63759C4.95776 11.3296 5.21731 11.5865 5.21731 11.9034C5.21731 12.2202 4.95776 12.4771 4.63759 12.4771H4.25111C3.93094 12.4771 3.67139 12.2202 3.67139 11.9034Z" fill="#EB0203"></path>
                        <path fill-rule="evenodd" clip-rule="evenodd" d="M3.67139 8.84116C3.67139 8.52424 3.93094 8.26733 4.25111 8.26733H4.63759C4.95776 8.26733 5.21731 8.52424 5.21731 8.84116C5.21731 9.15807 4.95776 9.41498 4.63759 9.41498H4.25111C3.93094 9.41498 3.67139 9.15807 3.67139 8.84116Z" fill="#EB0203"></path>
                        <path fill-rule="evenodd" clip-rule="evenodd" d="M3.67139 14.9655C3.67139 14.6486 3.93094 14.3917 4.25111 14.3917H4.63759C4.95776 14.3917 5.21731 14.6486 5.21731 14.9655C5.21731 15.2825 4.95776 15.5394 4.63759 15.5394H4.25111C3.93094 15.5394 3.67139 15.2825 3.67139 14.9655Z" fill="#EB0203"></path>
                        <path fill-rule="evenodd" clip-rule="evenodd" d="M0 1.76033C0 0.914738 0.692131 0.229248 1.54592 0.229248H15.0727C15.9265 0.229248 16.6186 0.914738 16.6186 1.76033V11.2818C16.6186 11.5989 16.3591 11.8559 16.0389 11.8559C15.7187 11.8559 15.4592 11.5989 15.4592 11.2818V1.76033C15.4592 1.54893 15.2862 1.37756 15.0727 1.37756H1.54592C1.33247 1.37756 1.15944 1.54893 1.15944 1.76033V18.985C1.15944 19.1964 1.33247 19.3678 1.54592 19.3678H9.27551C9.59568 19.3678 9.85523 19.6249 9.85523 19.942C9.85523 20.2591 9.59568 20.5161 9.27551 20.5161H1.54592C0.692131 20.5161 0 19.8306 0 18.985V1.76033Z" fill="#EB0203"></path>
                        <path fill-rule="evenodd" clip-rule="evenodd" d="M14.6254 13.8718C13.4921 12.8567 11.7821 12.7615 10.6574 13.7147C9.12472 15.0124 9.34891 17.128 10.4413 18.2493L14.0161 21.9126C14.2199 22.1217 14.493 22.2386 14.7824 22.2386C15.0739 22.2386 15.3449 22.1238 15.5487 21.9147L19.1235 18.2514C20.2139 17.13 20.4422 15.0144 18.9075 13.7147C17.7827 12.7634 16.0726 12.8569 14.9392 13.872C14.8856 13.92 14.8333 13.9701 14.7824 14.0222C14.7314 13.97 14.6791 13.9199 14.6254 13.8718ZM18.1546 14.588C19.0972 15.3869 18.9961 16.7262 18.2891 17.4541C18.2888 17.4543 18.2886 17.4546 18.2884 17.4548L14.7834 21.0466L11.2757 17.452C11.2756 17.4519 11.2755 17.4517 11.2753 17.4516C10.5681 16.7252 10.4682 15.3856 11.4108 14.5876L11.4112 14.5872C12.0748 14.0248 13.202 14.0556 13.949 14.8205L14.7824 15.674L15.6158 14.8205C16.3618 14.0567 17.4896 14.0256 18.1545 14.5879" fill="#EB0203"></path>
                        </svg>
                        </button>
                        </div>
                        </div>
                        <p class="ct-tile--brand">Continente</p>
                        <p class="ct-tile--quantity">emb. 1 kg</p>
                        </div>
                        <div class="ct-tile-bottom row no-gutters justify-content-between">
                        <div class="ct-price-wrap col-8 col-sm-12">
                        <div class="price js-product-price">
                        <div class="prices-wrapper">
                        <span class="sales ct-tile--price-primary ">
                        <span class="value" content="2.29">
                        <span class="ct-price-formatted">
                        €2,29
                        </span>
                        <span class="ct-m-unit">
                        /un
                        </span>
                        </span>
                        </span>
                        </div>
                        <div class="ct-tile--price-secondary">
                        <span class="ct-price-value">
                        €2,29
                        </span>
                        <span class="ct-m-unit">
                         /kg
                        </span>
                        </div>
                        </div>
                        </div>
                        <div class="ct-tile-buy-section d-flex justify-content-center no-gutters col-auto col-sm-12">
                        <div class="col-2 d-sm-flex d-none">
                        <button class="wishlist-toggler guest-mode inactive button button--tertiary" data-pid="4949515" data-add-url="https://www.continente.pt/on/demandware.store/Sites-continente-Site/default/Wishlist-AddProduct?pid=4949515" data-toggle="tooltip" aria-label="Adicionar aos favoritos " data-original-title="Adicionar aos favoritos" data-placement="top">
                        <svg class="active-content" width="100%" height="100%" viewBox="0 0 20 22" fill="none" xmlns="http://www.w3.org/2000/svg">
                        <path fill-rule="evenodd" clip-rule="evenodd" d="M0 1.53052C0 0.685236 0.692171 0 1.54601 0H15.0736C15.9274 0 16.6196 0.685235 16.6196 1.53052V13.4064L15.8127 13.922L14.2658 14.2658L12.7189 13.4064L10.6054 14.3818C10.4994 14.2451 10.3327 14.157 10.1452 14.157H6.76329C6.4431 14.157 6.18354 14.414 6.18354 14.731C6.18354 15.0479 6.4431 15.3049 6.76329 15.3049H10.1452C10.2478 15.3049 10.3441 15.2785 10.4277 15.2322L10.3126 16.8439L13.2345 20.2793H1.54601C0.69217 20.2793 0 19.5941 0 18.7488V1.53052ZM6.18354 5.5483C6.18354 5.23132 6.4431 4.97436 6.76329 4.97436H12.3676C12.6878 4.97436 12.9473 5.23132 12.9473 5.5483C12.9473 5.86528 12.6878 6.12224 12.3676 6.12224H6.76329C6.4431 6.12224 6.18354 5.86528 6.18354 5.5483ZM6.76329 11.0961C6.4431 11.0961 6.18354 11.3531 6.18354 11.6701C6.18354 11.987 6.4431 12.244 6.76329 12.244H12.3676C12.6878 12.244 12.9473 11.987 12.9473 11.6701C12.9473 11.3531 12.6878 11.0961 12.3676 11.0961H6.76329ZM6.18354 8.60985C6.18354 8.29287 6.4431 8.03591 6.76329 8.03591H12.3676C12.6878 8.03591 12.9473 8.29287 12.9473 8.60985C12.9473 8.92684 12.6878 9.1838 12.3676 9.1838H6.76329C6.4431 9.1838 6.18354 8.92684 6.18354 8.60985ZM3.67118 5.5483C3.67118 5.23132 3.93075 4.97436 4.25093 4.97436H4.63743C4.95762 4.97436 5.21719 5.23132 5.21719 5.5483C5.21719 5.86528 4.95762 6.12224 4.63743 6.12224H4.25093C3.93075 6.12224 3.67118 5.86528 3.67118 5.5483ZM4.25093 11.0961C3.93075 11.0961 3.67118 11.3531 3.67118 11.6701C3.67118 11.987 3.93075 12.244 4.25093 12.244H4.63743C4.95762 12.244 5.21719 11.987 5.21719 11.6701C5.21719 11.3531 4.95762 11.0961 4.63743 11.0961H4.25093ZM3.67118 8.60985C3.67118 8.29287 3.93075 8.03591 4.25093 8.03591H4.63743C4.95762 8.03591 5.21719 8.29287 5.21719 8.60985C5.21719 8.92684 4.95762 9.1838 4.63743 9.1838H4.25093C3.93075 9.1838 3.67118 8.92684 3.67118 8.60985ZM4.25093 14.157C3.93075 14.157 3.67118 14.414 3.67118 14.731C3.67118 15.0479 3.93075 15.3049 4.25093 15.3049H4.63743C4.95762 15.3049 5.21719 15.0479 5.21719 14.731C5.21719 14.414 4.95762 14.157 4.63743 14.157H4.25093Z" fill="#EB0203"></path>
                        <path fill-rule="evenodd" clip-rule="evenodd" d="M14.6252 13.6363C13.4918 12.6215 11.7817 12.5264 10.6569 13.4792C9.12421 14.7764 9.34841 16.8912 10.4409 18.0122L14.0159 21.6742C14.2197 21.8832 14.4928 22 14.7822 22C15.0737 22 15.3448 21.8852 15.5486 21.6762L19.1236 18.0142C20.214 16.8933 20.4423 14.7785 18.9075 13.4792C17.7827 12.5283 16.0724 12.6217 14.9391 13.6365C14.8855 13.6845 14.8331 13.7345 14.7822 13.7866C14.7313 13.7345 14.6789 13.6843 14.6252 13.6363ZM18.1546 14.3522C19.0973 15.1508 18.9962 16.4896 18.2891 17.2173C18.2888 17.2175 18.2886 17.2177 18.2884 17.218L14.7832 20.8084L11.2753 17.2151C11.2752 17.215 11.2751 17.2149 11.2749 17.2148C10.5677 16.4887 10.4678 15.1495 11.4104 14.3518L11.4108 14.3514C12.0745 13.7892 13.2018 13.82 13.9488 14.5846L14.7822 15.4378L15.6157 14.5846C16.3617 13.8211 17.4896 13.79 18.1545 14.3521" fill="#EB0203"></path>
                        </svg>
                        <svg class="inactive-content" width="100%" height="100%" viewBox="0 0 20 23" fill="none" xmlns="http://www.w3.org/2000/svg">
                        <path fill-rule="evenodd" clip-rule="evenodd" d="M6.18408 5.77914C6.18408 5.46223 6.44363 5.20532 6.7638 5.20532H12.3678C12.6879 5.20532 12.9475 5.46223 12.9475 5.77914C12.9475 6.09606 12.6879 6.35297 12.3678 6.35297H6.7638C6.44363 6.35297 6.18408 6.09606 6.18408 5.77914Z" fill="#EB0203"></path>
                        <path fill-rule="evenodd" clip-rule="evenodd" d="M6.18408 11.9034C6.18408 11.5865 6.44363 11.3296 6.7638 11.3296H12.3678C12.6879 11.3296 12.9475 11.5865 12.9475 11.9034C12.9475 12.2202 12.6879 12.4771 12.3678 12.4771H6.7638C6.44363 12.4771 6.18408 12.2202 6.18408 11.9034Z" fill="#EB0203"></path>
                        <path fill-rule="evenodd" clip-rule="evenodd" d="M6.18408 8.84116C6.18408 8.52424 6.44363 8.26733 6.7638 8.26733H12.3678C12.6879 8.26733 12.9475 8.52424 12.9475 8.84116C12.9475 9.15807 12.6879 9.41498 12.3678 9.41498H6.7638C6.44363 9.41498 6.18408 9.15807 6.18408 8.84116Z" fill="#EB0203"></path>
                        <path fill-rule="evenodd" clip-rule="evenodd" d="M6.18408 14.9655C6.18408 14.6486 6.44363 14.3917 6.7638 14.3917H10.1455C10.4657 14.3917 10.7252 14.6486 10.7252 14.9655C10.7252 15.2825 10.4657 15.5394 10.1455 15.5394H6.7638C6.44363 15.5394 6.18408 15.2825 6.18408 14.9655Z" fill="#EB0203"></path>
                        <path fill-rule="evenodd" clip-rule="evenodd" d="M3.67139 5.77914C3.67139 5.46223 3.93094 5.20532 4.25111 5.20532H4.63759C4.95776 5.20532 5.21731 5.46223 5.21731 5.77914C5.21731 6.09606 4.95776 6.35297 4.63759 6.35297H4.25111C3.93094 6.35297 3.67139 6.09606 3.67139 5.77914Z" fill="#EB0203"></path>
                        <path fill-rule="evenodd" clip-rule="evenodd" d="M3.67139 11.9034C3.67139 11.5865 3.93094 11.3296 4.25111 11.3296H4.63759C4.95776 11.3296 5.21731 11.5865 5.21731 11.9034C5.21731 12.2202 4.95776 12.4771 4.63759 12.4771H4.25111C3.93094 12.4771 3.67139 12.2202 3.67139 11.9034Z" fill="#EB0203"></path>
                        <path fill-rule="evenodd" clip-rule="evenodd" d="M3.67139 8.84116C3.67139 8.52424 3.93094 8.26733 4.25111 8.26733H4.63759C4.95776 8.26733 5.21731 8.52424 5.21731 8.84116C5.21731 9.15807 4.95776 9.41498 4.63759 9.41498H4.25111C3.93094 9.41498 3.67139 9.15807 3.67139 8.84116Z" fill="#EB0203"></path>
                        <path fill-rule="evenodd" clip-rule="evenodd" d="M3.67139 14.9655C3.67139 14.6486 3.93094 14.3917 4.25111 14.3917H4.63759C4.95776 14.3917 5.21731 14.6486 5.21731 14.9655C5.21731 15.2825 4.95776 15.5394 4.63759 15.5394H4.25111C3.93094 15.5394 3.67139 15.2825 3.67139 14.9655Z" fill="#EB0203"></path>
                        <path fill-rule="evenodd" clip-rule="evenodd" d="M0 1.76033C0 0.914738 0.692131 0.229248 1.54592 0.229248H15.0727C15.9265 0.229248 16.6186 0.914738 16.6186 1.76033V11.2818C16.6186 11.5989 16.3591 11.8559 16.0389 11.8559C15.7187 11.8559 15.4592 11.5989 15.4592 11.2818V1.76033C15.4592 1.54893 15.2862 1.37756 15.0727 1.37756H1.54592C1.33247 1.37756 1.15944 1.54893 1.15944 1.76033V18.985C1.15944 19.1964 1.33247 19.3678 1.54592 19.3678H9.27551C9.59568 19.3678 9.85523 19.6249 9.85523 19.942C9.85523 20.2591 9.59568 20.5161 9.27551 20.5161H1.54592C0.692131 20.5161 0 19.8306 0 18.985V1.76033Z" fill="#EB0203"></path>
                        <path fill-rule="evenodd" clip-rule="evenodd" d="M14.6254 13.8718C13.4921 12.8567 11.7821 12.7615 10.6574 13.7147C9.12472 15.0124 9.34891 17.128 10.4413 18.2493L14.0161 21.9126C14.2199 22.1217 14.493 22.2386 14.7824 22.2386C15.0739 22.2386 15.3449 22.1238 15.5487 21.9147L19.1235 18.2514C20.2139 17.13 20.4422 15.0144 18.9075 13.7147C17.7827 12.7634 16.0726 12.8569 14.9392 13.872C14.8856 13.92 14.8333 13.9701 14.7824 14.0222C14.7314 13.97 14.6791 13.9199 14.6254 13.8718ZM18.1546 14.588C19.0972 15.3869 18.9961 16.7262 18.2891 17.4541C18.2888 17.4543 18.2886 17.4546 18.2884 17.4548L14.7834 21.0466L11.2757 17.452C11.2756 17.4519 11.2755 17.4517 11.2753 17.4516C10.5681 16.7252 10.4682 15.3856 11.4108 14.5876L11.4112 14.5872C12.0748 14.0248 13.202 14.0556 13.949 14.8205L14.7824 15.674L15.6158 14.8205C16.3618 14.0567 17.4896 14.0256 18.1545 14.5879" fill="#EB0203"></path>
                        </svg>
                        </button>
                        </div>
                        <div class="col-sm-10 col-12">
                        <div class="ct-tile-quantity d-none" data-pid="4949515">
                        <input type="hidden" class="add-to-cart-url" value="https://www.continente.pt/on/demandware.store/Sites-continente-Site/default/Cart-AddProduct">
                        <div class="d-none tile-delete-confirmation-btn" data-pid="4949515" data-delay-time="3000" data-in-cart-msg="no carrinho" data-one-product-added="Adicionado ao carrinho" data-remove-from-cart-msg="Removido do carrinho" data-stay-open="6000.0" data-confirmation-image="{&quot;url&quot;:&quot;https://www.continente.pt/dw/image/v2/BDVS_PRD/on/demandware.static/-/Sites-col-master-catalog/default/dwe2871711/images/col/494/4949515-frente.jpg?sw=87&amp;sh=80&quot;,&quot;fallbackimage&quot;:{&quot;url&quot;:&quot;https://www.continente.pt/dw/image/v2/BDVS_PRD/on/demandware.static/Sites-continente-Site/-/default/dw7c42b4da/images/noimagelarge_product.png?sw=87&amp;sh=80&quot;,&quot;title&quot;:&quot;Arroz Basmati&quot;,&quot;alt&quot;:&quot;Arroz Basmati&quot;},&quot;title&quot;:&quot;Arroz Basmati&quot;,&quot;alt&quot;:&quot;Arroz Basmati&quot;}"></div>
                        <div class="ct-tile-quantity-update quantity-update product-qty-vue" data-remove-action="https://www.continente.pt/on/demandware.store/Sites-continente-Site/default/Cart-RemoveProductLineItem" data-action="https://www.continente.pt/on/demandware.store/Sites-continente-Site/default/Cart-UpdateQuantity" data-dimension-update="https://www.continente.pt/on/demandware.store/Sites-continente-Site/default/Cart-DimensionUpdate" data-pid="4949515" data-uuid="14bf556a59742e8260a949547d" data-add-delay="500.0" data-measure-options="{&quot;hasConversionRate&quot;:false,&quot;hasAlternativeSaleUnit&quot;:false,&quot;unitConversionRate&quot;:0,&quot;minOrderQuantity&quot;:1,&quot;stepQuantity&quot;:1,&quot;primaryunit&quot;:&quot;un&quot;,&quot;secondaryunit&quot;:&quot;kg&quot;,&quot;selectedunit&quot;:&quot;primary&quot;,&quot;maxNumberOfUnitsPerSale&quot;:50}" data-price-available="null" :data-has-error="isMaxQtyReached || isMinQtyReached || qtySelectedMoreThanOne">
                        <template v-show="prodUnits">
                        <div class="quantity-input-wrapper has-units">
                        <label class="visually-hidden" :for="'quantity-' + pid + additionalTag">
                        Quantidade no carrinho
                        </label>
                        <input :ref="'quantityInput-' + pid + additionalTag" class="add-to-cart-quantity form-control ct-form-input text-center" inputmode="numeric" :class="{'is-invalid': isInvalid}" :data-pid="pid + additionalTag" :name="'quantity-' + pid + additionalTag" type="text" aria-label="Insira a quantidade" title="" v-model="displayValue" @change="updateQuantity" @focus="updateQtyFormat" @blur="restoreQtyFormat" :disabled="!isPriceAvailable">
                        <span class="quantity-icon quantity-icon--minus">
                        <button class="decrease-quantity-btn" @click="updateQuantity" :disabled="!isPriceAvailable" role="button" aria-label="Reduzir quantidade">
                        <i class="css-math-minus"></i>
                        </button>
                        </span>
                        <span class="quantity-icon quantity-icon--plus">
                        <button class="increase-quantity-btn" @click="updateQuantity" :disabled="isMaxQtyReached || !isPriceAvailable" role="button" aria-label="Aumentar quantidade">
                        <i class="css-math-plus"></i>
                        </button>
                        <span class="quantity-btn-disabled-placeholder"></span>
                        </span>
                        <template v-if="isPDP">
                        <span class="quantity-error ct-span-error text-sm-center product-max-allocation" v-if="isMaxQtyReached">
                        Quantidade máxima atingida
                        </span>
                         <span class="quantity-error ct-span-product text-sm-center product-allocation" v-if="!isMinQtyReached &amp;&amp; !isMaxQtyReached">
                        {{quantitySelected}} no carrinho
                        </span>
                        <span class="quantity-error ct-span-error text-sm-center product-min-allocation" :data-pid="pid" v-if="isMinQtyReached &amp;&amp; !isMaxQtyReached">
                        Quantidade mínima atingida
                        </span>
                        </template>
                        </div>
                        <template v-if="showNotes">
                        <div class="add-note-link-container ">
                        <div class="add-note">
                        <a href="/produto/arroz-basmati-continente-4949515.html?showNote=true" class="ct-add-note-redirect-pdp" aria-label="Adicionar comentário">
                        <span class="svg-wrapper svg-icon-notes" style="width:19px; height:20px">
                        <svg class="svg-inline icon-notes" viewBox="0 0 28 30" xmlns="http://www.w3.org/2000/svg" width="100%" height="100%"><path d="M21.738 0C22.985 0 24 1.04 24 2.319V12.47c0 .469-.37.848-.828.848-.457 0-.827-.38-.827-.848V2.32c0-.343-.273-.622-.607-.622H2.262c-.334 0-.607.279-.607.622V27.68c0 .343.273.622.607.622h7.81c.457 0 .827.38.827.849 0 .468-.37.848-.827.848h-7.81C1.015 30 0 28.96 0 27.681V2.32C0 1.04 1.015 0 2.262 0h19.476zm2.844 16.004l.227.007c.823.053 1.589.39 2.176.964.64.627.993 1.46.993 2.349 0 .888-.353 1.722-.993 2.348l-6.83 6.665c-.11.108-.247.186-.397.226l-5.032 1.363c-.078.021-.16.032-.241.032-.242 0-.478-.097-.647-.266-.23-.231-.314-.566-.218-.874l1.49-4.798c.044-.139.122-.266.227-.369l6.844-6.677c.64-.625 1.493-.97 2.401-.97zm-2.886 3.94l-4.922 4.802-.947 3.048 3.22-.872 4.897-4.78-2.248-2.197zm2.887-2.174c-.425 0-.824.162-1.124.455l-.484.472 2.248 2.197.484-.472c.62-.606.62-1.591 0-2.197l-.117-.104c-.283-.227-.636-.35-1.007-.35zm-10.839.022c.498 0 .904.396.904.883 0 .488-.406.884-.904.884H5.946c-.499 0-.904-.396-.904-.884 0-.487.405-.883.904-.883zm5.042-4.876c.498 0 .904.397.904.884s-.406.884-.904.884H5.946c-.499 0-.904-.397-.904-.884s.405-.884.904-.884zm0-4.875c.498 0 .904.396.904.884 0 .487-.406.883-.904.883H5.946c-.499 0-.904-.396-.904-.883 0-.488.405-.884.904-.884z" fill="#EB0203" fill-rule="evenodd"></path></svg>
                        </span>
                        <div class="available-note d-none"></div>
                        </a>
                        </div>
                        </div>
                        </template>
                        <div class="measurement-unit-section" v-if="isPriceAvailable &amp;&amp; prodUnits ? prodUnits.hasAlternativeUnit : false">
                        <div class="ct-form-radio" @click="setDimension">
                        <input type="radio" title="" class="ct-form-check-input product-measurement-unit" :data-type="prodUnits.selectedUnit == prodUnits.secondaryUnit ? 'primary' : ''" :id="prodUnits.secondaryUnit + '-' + pid + '-measurement-unit-ptile' + additionalTag" :name="'measurement-unit-' + pid + '-ptile' + additionalTag" :value="prodUnits.secondaryUnit" v-model="prodUnits.selectedUnit">
                        <label :class="prodUnits.secondaryUnit + '-label ct-form-check-label mb-0'" :for="prodUnits.secondaryUnit + '-' + pid + '-measurement-unit-ptile' + additionalTag">
                        {{prodUnits.secondaryUnit}}
                        </label>
                        <span class="checkmark"></span>
                        </div>
                        <div class="ct-form-radio" @click="setDimension">
                        <input type="radio" title="" class="ct-form-check-input product-measurement-unit" :data-type="prodUnits.selectedUnit == prodUnits.primaryUnit ? 'primary' : ''" :id="prodUnits.primaryUnit + '-' + pid + '-measurement-unit-ptile' + additionalTag" :name="'measurement-unit-' + pid + '-ptile' + additionalTag" :value="prodUnits.primaryUnit" v-model="prodUnits.selectedUnit">
                        <label :class="prodUnits.primaryUnit + '-label ct-form-check-label mb-0'" :for="prodUnits.primaryUnit + '-' + pid + '-measurement-unit-ptile' + additionalTag">
                        {{prodUnits.primaryUnit}}
                        </label>
                        <span class="checkmark"></span>
                        </div>
                        </div>
                        <template v-if="!isPDP &amp;&amp; isPriceAvailable">
                        <span class="quantity-error ct-span-error product-max-allocation" v-if="isMaxQtyReached">
                        Quantidade máxima atingida
                        </span>
                        <span class="quantity-error ct-span-product product-allocation" v-if="!isMinQtyReached &amp;&amp; !isMaxQtyReached">
                        {{quantitySelected}} no carrinho
                        </span>
                        <span class="quantity-error ct-span-error product-min-allocation" :data-pid="pid" v-if="isMinQtyReached &amp;&amp; !isMaxQtyReached">
                        Quantidade mínima atingida
                        </span>
                        </template>
                        </template>
                        </div>
                        <input class="quantity-value-mask d-none" name="quantity" type="number" min="0" value="">
                        </div>
                        <button type="button" class="add-to-cart button js-add-to-cart js-add-to-cart-tile 4949515 button--primary dynamic-layout-btn" data-toggle="modal" data-target="#chooseBonusProductModal" data-pid="4949515" data-quantity-value="null" aria-label="Carrinho">
                        <span class="d-block d-sm-none">
                        <span class="svg-wrapper svg-icon-cart" style="width:20px; height:20px">
                        <svg class="svg-inline icon-cart" xmlns="http://www.w3.org/2000/svg" viewBox="0 0 500 500" width="100%" height="100%"><path fill="#EB0203" fill-rule="evenodd" d="M 485.67317,94.386311 C 476.37798,83.847129 463.09468,78.03348 448.30404,78.03348 H 90.690813 L 87.079511,51.327997 C 83.185582,22.539551 62.962285,0 41.011841,0 H 14.727836 C 6.563151,0 0,6.5286975 0,14.580758 c 0,8.05206 6.5945535,14.580758 14.727836,14.580758 h 26.284005 c 4.710398,0 14.696435,9.855222 16.894619,26.021523 L 100.01739,368.0631 c 1.88416,13.77244 9.01256,26.70549 20.1605,36.37417 8.25889,7.15046 18.02511,11.9071 28.26237,13.89679 -4.17655,7.58572 -6.53175,16.25957 -6.53175,25.493 0,29.53459 24.27424,53.59751 54.13815,53.59751 29.8325,0 54.13814,-24.03184 54.13814,-53.59751 0,-8.79818 -2.19818,-17.09897 -5.9979,-24.43598 h 77.12488 c -3.79973,7.33701 -5.96652,15.6378 -5.96652,24.43598 0,29.53459 24.27424,53.59751 54.13817,53.59751 29.83249,0 54.13814,-24.03184 54.13814,-53.59751 0,-8.79818 -2.1982,-17.09897 -5.9979,-24.43598 h 38.56243 c 8.13328,0 14.72783,-6.5287 14.72783,-14.61183 0,-8.02098 -6.59455,-14.54967 -14.72783,-14.54967 H 159.24277 c -14.38241,0 -28.13677,-11.90711 -30.02092,-26.02153 l -3.07746,-22.88154 h 290.6314 c 14.03698,0 27.94834,-5.28513 39.06488,-14.95381 11.11652,-9.6376 18.27632,-22.57065 20.16048,-36.37417 l 21.10259,-156.78201 c 1.94694,-14.51858 -2.10398,-28.29103 -11.43057,-38.861299 z M 220.76053,443.82706 c 0,13.49265 -11.08513,24.46709 -24.68247,24.46709 -13.62874,0 -24.71387,-10.97444 -24.71387,-24.46709 0,-13.49262 11.08513,-24.43598 24.71387,-24.43598 13.59734,0 24.68247,10.94336 24.68247,24.43598 z m 173.43675,0 c 0,13.49265 -11.08512,24.46709 -24.68245,24.46709 -13.62876,0 -24.71388,-10.97444 -24.71388,-24.46709 0,-13.49262 11.08512,-24.43598 24.71388,-24.43598 13.59733,0 24.68245,10.94336 24.68245,24.43598 z m 73.7648,-314.46558 -21.13397,156.782 c -1.88416,14.11442 -15.63851,26.05261 -30.02091,26.05261 H 122.25046 L 94.616142,107.19499 H 448.33544 c 6.18632,0 11.61896,2.2695 15.23028,6.37326 3.64269,4.13484 5.21283,9.73086 4.39636,15.79323 z"></path></svg>
                        </span>
                        </span>
                        <span class="add-to-cart--text d-none d-sm-block">Carrinho</span>
                        </button>
                        </div>
                        </div>
                        </div>
                        </div>
                        
                        <div class="col-12 d-sm-none">
                        </div>
                        </div>
                        </div>
                        </div>
                        </div>
                        <div class="col-12 col-sm-3 col-lg-2 productTile" data-idx="16">
                        
                        <script type="text/javascript">//<!--
                        /* <![CDATA[ */
                        (function(){
                        try {
                            if(window.CQuotient) {
                            var cq_params = {};
                            
                            cq_params.cookieId = window.CQuotient.getCQCookieId();
                            cq_params.userId = window.CQuotient.getCQUserId();
                            cq_params.emailId = CQuotient.getCQHashedEmail();
                            cq_params.loginId = CQuotient.getCQHashedLogin();
                            cq_params.accumulate = true;
                            cq_params.products = [{
                                id: '7241155',
                                sku: ''
                            }];
                            cq_params.categoryId = 'mercearias';
                            cq_params.refinements = '[{\"name\":\"priceMin\",\"value\":\"0.01\"},{\"name\":\"priceMax\",\"value\":\"null\"},{\"name\":\"curr\",\"value\":\"EUR\"},{\"name\":\"Category\",\"value\":\"mercearias\"}]';
                            cq_params.personalized = 'false';
                            cq_params.sortingRule = 'FOOD_Mercearia';
                            cq_params.imageUUID = '__UNDEFINED__';
                            cq_params.realm = "BDVS";
                            cq_params.siteId = "continente";
                            cq_params.instanceType = "prd";
                            cq_params.queryLocale = "default";
                            cq_params.locale = window.CQuotient.locale;
                            
                            if(window.CQuotient.sendActivity)
                                window.CQuotient.sendActivity(CQuotient.clientId, 'viewCategory', cq_params);
                            else
                                window.CQuotient.activities.push({
                                    activityType: 'viewCategory',
                                    parameters: cq_params
                                });
                          }
                        } catch(err) {}
                        })();
                        /* ]]> */
                        // -->
                        </script>
                        <script type="text/javascript">//<!--
                        /* <![CDATA[ (viewCategoryProduct-active_data.js) */
                        (function(){
                        try {
                            if (dw.ac) {
                                var search_params = {};
                                search_params.persd = 'false';
                                search_params.refs = '[{\"name\":\"priceMin\",\"value\":\"0.01\"},{\"name\":\"priceMax\",\"value\":\"null\"},{\"name\":\"curr\",\"value\":\"EUR\"},{\"name\":\"Category\",\"value\":\"mercearias\"}]';
                                search_params.sort = 'FOOD_Mercearia';
                                search_params.imageUUID = '';
                                search_params.searchID = 'afeeff71-841d-471a-a4b6-1885a5ac2689';
                                search_params.locale = 'default';
                                search_params.queryLocale = 'default';
                                search_params.showProducts = 'true';
                                dw.ac.applyContext({category: "mercearias", searchData: search_params});
                                if (typeof dw.ac._scheduleDataSubmission === "function") {
                                    dw.ac._scheduleDataSubmission();
                                }
                            }
                        } catch(err) {}
                        })();
                        /* ]]> */
                        // -->
                        </script>
                        <script type="text/javascript">//<!--
                        /* <![CDATA[ (viewProduct-active_data.js) */
                        dw.ac._capture({id: "7241155", type: "searchhit"});
                        /* ]]> */
                        // -->
                        </script>
                        <div class="product" data-pid="7241155">
                        <div class="product-tile pid-7241155 ct-product-tile data-layer-pushed" data-delay-time="3000" data-variants-mapping="[]" data-in-cart-msg="no carrinho" data-one-product-added="Adicionado ao carrinho" data-remove-from-cart-msg="Removido do carrinho" data-stay-open="6000.0" data-product-tile-impression="{&quot;name&quot;:&quot;7241155&quot;,&quot;id&quot;:&quot;7241155&quot;,&quot;price&quot;:0.85,&quot;brand&quot;:&quot;Continente Equilíbrio&quot;,&quot;category&quot;:[{&quot;category_level_1&quot;:&quot;Mercearia&quot;},{&quot;category_level_2&quot;:&quot;Conservas&quot;},{&quot;category_level_3&quot;:&quot;Atum&quot;}],&quot;variant&quot;:&quot;&quot;}">
                        <div class="ct-inner-tile-wrap row no-gutters justify-content-center align-content-start">
                        <div class="ct-product-tile-badge ct-product-tile-badge--promotional">
                        <img class="img-fluid lazyloaded" loading="lazy" data-src="https://www.continente.pt/dw/image/v2/BDVS_PRD/on/demandware.static/-/Sites-continente-Library/default/dw7e91cd4a/images/badges/superprice/col/superprice.png?sw=60&amp;sh=42" alt="Desconto Imediato: 14%" title="Desconto Imediato: 14%" src="https://www.continente.pt/dw/image/v2/BDVS_PRD/on/demandware.static/-/Sites-continente-Library/default/dw7e91cd4a/images/badges/superprice/col/superprice.png?sw=60&amp;sh=42">
                        <div class="ct-product-tile-badge-value-wrapper ct-product-tile-badge-value-wrapper--superprice  ">
                        <div class="ct-product-tile-badge-addition d-flex flex-column align-self-center text-center">
                        <span class="ct-product-tile-badge-addition--sign">
                        +
                        </span>
                        <span class="ct-product-tile-badge-addition--text">
                        DE
                        </span>
                        </div>
                        <span class="ct-product-tile-badge-value--superprice">
                        10
                        </span>
                        <span class="ct-product-tile-badge-value--superprice-quantifier ">
                        %
                        </span>
                        </div>
                        </div>
                        
                        <div class="ct-image-container col-4 col-sm" data-confirmation-image="{&quot;url&quot;:&quot;https://www.continente.pt/dw/image/v2/BDVS_PRD/on/demandware.static/-/Sites-col-master-catalog/default/dwb0c38771/images/col/724/7241155-frente.jpg?sw=87&amp;sh=80&quot;,&quot;fallbackimage&quot;:{&quot;url&quot;:&quot;https://www.continente.pt/dw/image/v2/BDVS_PRD/on/demandware.static/Sites-continente-Site/-/default/dw7c42b4da/images/noimagelarge_product.png?sw=87&amp;sh=80&quot;,&quot;title&quot;:&quot;Atum Posta ao Natural&quot;,&quot;alt&quot;:&quot;Atum Posta ao Natural&quot;},&quot;title&quot;:&quot;Atum Posta ao Natural&quot;,&quot;alt&quot;:&quot;Atum Posta ao Natural&quot;}">
                        <a href="https://www.continente.pt/produto/atum-posta-ao-natural-continente-equilibrio-7241155.html?cgid=mercearias">
                        <picture class="intrinsic intrinsic--square">
                        <img class="ct-tile-image lazyloaded" loading="lazy" onerror="this.onerror=null;this.src='/on/demandware.static/Sites-continente-Site/-/default/dw7c42b4da/images/noimagelarge_product.png';" data-src="https://www.continente.pt/dw/image/v2/BDVS_PRD/on/demandware.static/-/Sites-col-master-catalog/default/dwb0c38771/images/col/724/7241155-frente.jpg?sw=280&amp;sh=280" alt="Atum Posta ao Natural" title="Atum Posta ao Natural" src="https://www.continente.pt/dw/image/v2/BDVS_PRD/on/demandware.static/-/Sites-col-master-catalog/default/dwb0c38771/images/col/724/7241155-frente.jpg?sw=280&amp;sh=280">
                        </picture>
                        </a>
                        <div class="color-swatches d-flex" style="margin-left: 5px;">
                        <div class="swatches d-flex">
                        </div>
                        </div>
                        </div>
                        <div class="ct-tile-body col col-sm-auto ">
                        <div class="ct-pdp-details">
                        <div class="ct-pdp-link">
                        <a class="ct-tile--description" href="https://www.continente.pt/produto/atum-posta-ao-natural-continente-equilibrio-7241155.html?cgid=mercearias">Atum Posta ao Natural</a>
                        <div class="ct-tile--favorite-top d-sm-none">
                        <button class="wishlist-toggler guest-mode inactive button button--tertiary" data-pid="7241155" data-add-url="https://www.continente.pt/on/demandware.store/Sites-continente-Site/default/Wishlist-AddProduct?pid=7241155" data-toggle="tooltip" aria-label="Adicionar aos favoritos " data-original-title="Adicionar aos favoritos" data-placement="top">
                        <svg class="active-content" width="100%" height="100%" viewBox="0 0 20 22" fill="none" xmlns="http://www.w3.org/2000/svg">
                        <path fill-rule="evenodd" clip-rule="evenodd" d="M0 1.53052C0 0.685236 0.692171 0 1.54601 0H15.0736C15.9274 0 16.6196 0.685235 16.6196 1.53052V13.4064L15.8127 13.922L14.2658 14.2658L12.7189 13.4064L10.6054 14.3818C10.4994 14.2451 10.3327 14.157 10.1452 14.157H6.76329C6.4431 14.157 6.18354 14.414 6.18354 14.731C6.18354 15.0479 6.4431 15.3049 6.76329 15.3049H10.1452C10.2478 15.3049 10.3441 15.2785 10.4277 15.2322L10.3126 16.8439L13.2345 20.2793H1.54601C0.69217 20.2793 0 19.5941 0 18.7488V1.53052ZM6.18354 5.5483C6.18354 5.23132 6.4431 4.97436 6.76329 4.97436H12.3676C12.6878 4.97436 12.9473 5.23132 12.9473 5.5483C12.9473 5.86528 12.6878 6.12224 12.3676 6.12224H6.76329C6.4431 6.12224 6.18354 5.86528 6.18354 5.5483ZM6.76329 11.0961C6.4431 11.0961 6.18354 11.3531 6.18354 11.6701C6.18354 11.987 6.4431 12.244 6.76329 12.244H12.3676C12.6878 12.244 12.9473 11.987 12.9473 11.6701C12.9473 11.3531 12.6878 11.0961 12.3676 11.0961H6.76329ZM6.18354 8.60985C6.18354 8.29287 6.4431 8.03591 6.76329 8.03591H12.3676C12.6878 8.03591 12.9473 8.29287 12.9473 8.60985C12.9473 8.92684 12.6878 9.1838 12.3676 9.1838H6.76329C6.4431 9.1838 6.18354 8.92684 6.18354 8.60985ZM3.67118 5.5483C3.67118 5.23132 3.93075 4.97436 4.25093 4.97436H4.63743C4.95762 4.97436 5.21719 5.23132 5.21719 5.5483C5.21719 5.86528 4.95762 6.12224 4.63743 6.12224H4.25093C3.93075 6.12224 3.67118 5.86528 3.67118 5.5483ZM4.25093 11.0961C3.93075 11.0961 3.67118 11.3531 3.67118 11.6701C3.67118 11.987 3.93075 12.244 4.25093 12.244H4.63743C4.95762 12.244 5.21719 11.987 5.21719 11.6701C5.21719 11.3531 4.95762 11.0961 4.63743 11.0961H4.25093ZM3.67118 8.60985C3.67118 8.29287 3.93075 8.03591 4.25093 8.03591H4.63743C4.95762 8.03591 5.21719 8.29287 5.21719 8.60985C5.21719 8.92684 4.95762 9.1838 4.63743 9.1838H4.25093C3.93075 9.1838 3.67118 8.92684 3.67118 8.60985ZM4.25093 14.157C3.93075 14.157 3.67118 14.414 3.67118 14.731C3.67118 15.0479 3.93075 15.3049 4.25093 15.3049H4.63743C4.95762 15.3049 5.21719 15.0479 5.21719 14.731C5.21719 14.414 4.95762 14.157 4.63743 14.157H4.25093Z" fill="#EB0203"></path>
                        <path fill-rule="evenodd" clip-rule="evenodd" d="M14.6252 13.6363C13.4918 12.6215 11.7817 12.5264 10.6569 13.4792C9.12421 14.7764 9.34841 16.8912 10.4409 18.0122L14.0159 21.6742C14.2197 21.8832 14.4928 22 14.7822 22C15.0737 22 15.3448 21.8852 15.5486 21.6762L19.1236 18.0142C20.214 16.8933 20.4423 14.7785 18.9075 13.4792C17.7827 12.5283 16.0724 12.6217 14.9391 13.6365C14.8855 13.6845 14.8331 13.7345 14.7822 13.7866C14.7313 13.7345 14.6789 13.6843 14.6252 13.6363ZM18.1546 14.3522C19.0973 15.1508 18.9962 16.4896 18.2891 17.2173C18.2888 17.2175 18.2886 17.2177 18.2884 17.218L14.7832 20.8084L11.2753 17.2151C11.2752 17.215 11.2751 17.2149 11.2749 17.2148C10.5677 16.4887 10.4678 15.1495 11.4104 14.3518L11.4108 14.3514C12.0745 13.7892 13.2018 13.82 13.9488 14.5846L14.7822 15.4378L15.6157 14.5846C16.3617 13.8211 17.4896 13.79 18.1545 14.3521" fill="#EB0203"></path>
                        </svg>
                        <svg class="inactive-content" width="100%" height="100%" viewBox="0 0 20 23" fill="none" xmlns="http://www.w3.org/2000/svg">
                        <path fill-rule="evenodd" clip-rule="evenodd" d="M6.18408 5.77914C6.18408 5.46223 6.44363 5.20532 6.7638 5.20532H12.3678C12.6879 5.20532 12.9475 5.46223 12.9475 5.77914C12.9475 6.09606 12.6879 6.35297 12.3678 6.35297H6.7638C6.44363 6.35297 6.18408 6.09606 6.18408 5.77914Z" fill="#EB0203"></path>
                        <path fill-rule="evenodd" clip-rule="evenodd" d="M6.18408 11.9034C6.18408 11.5865 6.44363 11.3296 6.7638 11.3296H12.3678C12.6879 11.3296 12.9475 11.5865 12.9475 11.9034C12.9475 12.2202 12.6879 12.4771 12.3678 12.4771H6.7638C6.44363 12.4771 6.18408 12.2202 6.18408 11.9034Z" fill="#EB0203"></path>
                        <path fill-rule="evenodd" clip-rule="evenodd" d="M6.18408 8.84116C6.18408 8.52424 6.44363 8.26733 6.7638 8.26733H12.3678C12.6879 8.26733 12.9475 8.52424 12.9475 8.84116C12.9475 9.15807 12.6879 9.41498 12.3678 9.41498H6.7638C6.44363 9.41498 6.18408 9.15807 6.18408 8.84116Z" fill="#EB0203"></path>
                        <path fill-rule="evenodd" clip-rule="evenodd" d="M6.18408 14.9655C6.18408 14.6486 6.44363 14.3917 6.7638 14.3917H10.1455C10.4657 14.3917 10.7252 14.6486 10.7252 14.9655C10.7252 15.2825 10.4657 15.5394 10.1455 15.5394H6.7638C6.44363 15.5394 6.18408 15.2825 6.18408 14.9655Z" fill="#EB0203"></path>
                        <path fill-rule="evenodd" clip-rule="evenodd" d="M3.67139 5.77914C3.67139 5.46223 3.93094 5.20532 4.25111 5.20532H4.63759C4.95776 5.20532 5.21731 5.46223 5.21731 5.77914C5.21731 6.09606 4.95776 6.35297 4.63759 6.35297H4.25111C3.93094 6.35297 3.67139 6.09606 3.67139 5.77914Z" fill="#EB0203"></path>
                        <path fill-rule="evenodd" clip-rule="evenodd" d="M3.67139 11.9034C3.67139 11.5865 3.93094 11.3296 4.25111 11.3296H4.63759C4.95776 11.3296 5.21731 11.5865 5.21731 11.9034C5.21731 12.2202 4.95776 12.4771 4.63759 12.4771H4.25111C3.93094 12.4771 3.67139 12.2202 3.67139 11.9034Z" fill="#EB0203"></path>
                        <path fill-rule="evenodd" clip-rule="evenodd" d="M3.67139 8.84116C3.67139 8.52424 3.93094 8.26733 4.25111 8.26733H4.63759C4.95776 8.26733 5.21731 8.52424 5.21731 8.84116C5.21731 9.15807 4.95776 9.41498 4.63759 9.41498H4.25111C3.93094 9.41498 3.67139 9.15807 3.67139 8.84116Z" fill="#EB0203"></path>
                        <path fill-rule="evenodd" clip-rule="evenodd" d="M3.67139 14.9655C3.67139 14.6486 3.93094 14.3917 4.25111 14.3917H4.63759C4.95776 14.3917 5.21731 14.6486 5.21731 14.9655C5.21731 15.2825 4.95776 15.5394 4.63759 15.5394H4.25111C3.93094 15.5394 3.67139 15.2825 3.67139 14.9655Z" fill="#EB0203"></path>
                        <path fill-rule="evenodd" clip-rule="evenodd" d="M0 1.76033C0 0.914738 0.692131 0.229248 1.54592 0.229248H15.0727C15.9265 0.229248 16.6186 0.914738 16.6186 1.76033V11.2818C16.6186 11.5989 16.3591 11.8559 16.0389 11.8559C15.7187 11.8559 15.4592 11.5989 15.4592 11.2818V1.76033C15.4592 1.54893 15.2862 1.37756 15.0727 1.37756H1.54592C1.33247 1.37756 1.15944 1.54893 1.15944 1.76033V18.985C1.15944 19.1964 1.33247 19.3678 1.54592 19.3678H9.27551C9.59568 19.3678 9.85523 19.6249 9.85523 19.942C9.85523 20.2591 9.59568 20.5161 9.27551 20.5161H1.54592C0.692131 20.5161 0 19.8306 0 18.985V1.76033Z" fill="#EB0203"></path>
                        <path fill-rule="evenodd" clip-rule="evenodd" d="M14.6254 13.8718C13.4921 12.8567 11.7821 12.7615 10.6574 13.7147C9.12472 15.0124 9.34891 17.128 10.4413 18.2493L14.0161 21.9126C14.2199 22.1217 14.493 22.2386 14.7824 22.2386C15.0739 22.2386 15.3449 22.1238 15.5487 21.9147L19.1235 18.2514C20.2139 17.13 20.4422 15.0144 18.9075 13.7147C17.7827 12.7634 16.0726 12.8569 14.9392 13.872C14.8856 13.92 14.8333 13.9701 14.7824 14.0222C14.7314 13.97 14.6791 13.9199 14.6254 13.8718ZM18.1546 14.588C19.0972 15.3869 18.9961 16.7262 18.2891 17.4541C18.2888 17.4543 18.2886 17.4546 18.2884 17.4548L14.7834 21.0466L11.2757 17.452C11.2756 17.4519 11.2755 17.4517 11.2753 17.4516C10.5681 16.7252 10.4682 15.3856 11.4108 14.5876L11.4112 14.5872C12.0748 14.0248 13.202 14.0556 13.949 14.8205L14.7824 15.674L15.6158 14.8205C16.3618 14.0567 17.4896 14.0256 18.1545 14.5879" fill="#EB0203"></path>
                        </svg>
                        </button>
                        </div>
                        </div>
                        <p class="ct-tile--brand">Continente Equilíbrio</p>
                        <p class="ct-tile--quantity">emb. 120 gr (peso escorrido 85 gr)</p>
                         </div>
                        <div class="ct-tile-bottom row no-gutters justify-content-between">
                        <div class="ct-price-wrap col-8 col-sm-12">
                        <div class="price js-product-price">
                        <div class="prices-wrapper">
                        <span class="sales ct-tile--price-primary ">
                        <span class="value" content="0.85">
                        <span class="ct-price-formatted">
                        €0,85
                        </span>
                        <span class="ct-m-unit">
                        /un
                        </span>
                        </span>
                        </span>
                        <span class="strike-through list ct-tile--price-dashed">
                        <span class="value ct-tile--price-value" content="0.99">
                        <span class="sr-only">
                        Price reduced from
                        </span>
                        €0,99
                        <span class="ct-tile--price-dashed">
                        /un
                        </span>
                        <span class="sr-only">
                        to
                        </span>
                        </span>
                        </span>
                        </div>
                        <div class="ct-tile--price-secondary">
                        <span class="ct-price-value">
                        €10,00
                        </span>
                        <span class="ct-m-unit">
                        /kg
                        </span>
                        </div>
                        <p class="ct-discount-amount ">Desconto Imediato: 14%</p>
                        </div>
                        </div>
                        <div class="ct-tile-buy-section d-flex justify-content-center no-gutters col-auto col-sm-12">
                        <div class="col-2 d-sm-flex d-none">
                        <button class="wishlist-toggler guest-mode inactive button button--tertiary" data-pid="7241155" data-add-url="https://www.continente.pt/on/demandware.store/Sites-continente-Site/default/Wishlist-AddProduct?pid=7241155" data-toggle="tooltip" aria-label="Adicionar aos favoritos " data-original-title="Adicionar aos favoritos" data-placement="top">
                        <svg class="active-content" width="100%" height="100%" viewBox="0 0 20 22" fill="none" xmlns="http://www.w3.org/2000/svg">
                        <path fill-rule="evenodd" clip-rule="evenodd" d="M0 1.53052C0 0.685236 0.692171 0 1.54601 0H15.0736C15.9274 0 16.6196 0.685235 16.6196 1.53052V13.4064L15.8127 13.922L14.2658 14.2658L12.7189 13.4064L10.6054 14.3818C10.4994 14.2451 10.3327 14.157 10.1452 14.157H6.76329C6.4431 14.157 6.18354 14.414 6.18354 14.731C6.18354 15.0479 6.4431 15.3049 6.76329 15.3049H10.1452C10.2478 15.3049 10.3441 15.2785 10.4277 15.2322L10.3126 16.8439L13.2345 20.2793H1.54601C0.69217 20.2793 0 19.5941 0 18.7488V1.53052ZM6.18354 5.5483C6.18354 5.23132 6.4431 4.97436 6.76329 4.97436H12.3676C12.6878 4.97436 12.9473 5.23132 12.9473 5.5483C12.9473 5.86528 12.6878 6.12224 12.3676 6.12224H6.76329C6.4431 6.12224 6.18354 5.86528 6.18354 5.5483ZM6.76329 11.0961C6.4431 11.0961 6.18354 11.3531 6.18354 11.6701C6.18354 11.987 6.4431 12.244 6.76329 12.244H12.3676C12.6878 12.244 12.9473 11.987 12.9473 11.6701C12.9473 11.3531 12.6878 11.0961 12.3676 11.0961H6.76329ZM6.18354 8.60985C6.18354 8.29287 6.4431 8.03591 6.76329 8.03591H12.3676C12.6878 8.03591 12.9473 8.29287 12.9473 8.60985C12.9473 8.92684 12.6878 9.1838 12.3676 9.1838H6.76329C6.4431 9.1838 6.18354 8.92684 6.18354 8.60985ZM3.67118 5.5483C3.67118 5.23132 3.93075 4.97436 4.25093 4.97436H4.63743C4.95762 4.97436 5.21719 5.23132 5.21719 5.5483C5.21719 5.86528 4.95762 6.12224 4.63743 6.12224H4.25093C3.93075 6.12224 3.67118 5.86528 3.67118 5.5483ZM4.25093 11.0961C3.93075 11.0961 3.67118 11.3531 3.67118 11.6701C3.67118 11.987 3.93075 12.244 4.25093 12.244H4.63743C4.95762 12.244 5.21719 11.987 5.21719 11.6701C5.21719 11.3531 4.95762 11.0961 4.63743 11.0961H4.25093ZM3.67118 8.60985C3.67118 8.29287 3.93075 8.03591 4.25093 8.03591H4.63743C4.95762 8.03591 5.21719 8.29287 5.21719 8.60985C5.21719 8.92684 4.95762 9.1838 4.63743 9.1838H4.25093C3.93075 9.1838 3.67118 8.92684 3.67118 8.60985ZM4.25093 14.157C3.93075 14.157 3.67118 14.414 3.67118 14.731C3.67118 15.0479 3.93075 15.3049 4.25093 15.3049H4.63743C4.95762 15.3049 5.21719 15.0479 5.21719 14.731C5.21719 14.414 4.95762 14.157 4.63743 14.157H4.25093Z" fill="#EB0203"></path>
                        <path fill-rule="evenodd" clip-rule="evenodd" d="M14.6252 13.6363C13.4918 12.6215 11.7817 12.5264 10.6569 13.4792C9.12421 14.7764 9.34841 16.8912 10.4409 18.0122L14.0159 21.6742C14.2197 21.8832 14.4928 22 14.7822 22C15.0737 22 15.3448 21.8852 15.5486 21.6762L19.1236 18.0142C20.214 16.8933 20.4423 14.7785 18.9075 13.4792C17.7827 12.5283 16.0724 12.6217 14.9391 13.6365C14.8855 13.6845 14.8331 13.7345 14.7822 13.7866C14.7313 13.7345 14.6789 13.6843 14.6252 13.6363ZM18.1546 14.3522C19.0973 15.1508 18.9962 16.4896 18.2891 17.2173C18.2888 17.2175 18.2886 17.2177 18.2884 17.218L14.7832 20.8084L11.2753 17.2151C11.2752 17.215 11.2751 17.2149 11.2749 17.2148C10.5677 16.4887 10.4678 15.1495 11.4104 14.3518L11.4108 14.3514C12.0745 13.7892 13.2018 13.82 13.9488 14.5846L14.7822 15.4378L15.6157 14.5846C16.3617 13.8211 17.4896 13.79 18.1545 14.3521" fill="#EB0203"></path>
                        </svg>
                        <svg class="inactive-content" width="100%" height="100%" viewBox="0 0 20 23" fill="none" xmlns="http://www.w3.org/2000/svg">
                        <path fill-rule="evenodd" clip-rule="evenodd" d="M6.18408 5.77914C6.18408 5.46223 6.44363 5.20532 6.7638 5.20532H12.3678C12.6879 5.20532 12.9475 5.46223 12.9475 5.77914C12.9475 6.09606 12.6879 6.35297 12.3678 6.35297H6.7638C6.44363 6.35297 6.18408 6.09606 6.18408 5.77914Z" fill="#EB0203"></path>
                        <path fill-rule="evenodd" clip-rule="evenodd" d="M6.18408 11.9034C6.18408 11.5865 6.44363 11.3296 6.7638 11.3296H12.3678C12.6879 11.3296 12.9475 11.5865 12.9475 11.9034C12.9475 12.2202 12.6879 12.4771 12.3678 12.4771H6.7638C6.44363 12.4771 6.18408 12.2202 6.18408 11.9034Z" fill="#EB0203"></path>
                        <path fill-rule="evenodd" clip-rule="evenodd" d="M6.18408 8.84116C6.18408 8.52424 6.44363 8.26733 6.7638 8.26733H12.3678C12.6879 8.26733 12.9475 8.52424 12.9475 8.84116C12.9475 9.15807 12.6879 9.41498 12.3678 9.41498H6.7638C6.44363 9.41498 6.18408 9.15807 6.18408 8.84116Z" fill="#EB0203"></path>
                        <path fill-rule="evenodd" clip-rule="evenodd" d="M6.18408 14.9655C6.18408 14.6486 6.44363 14.3917 6.7638 14.3917H10.1455C10.4657 14.3917 10.7252 14.6486 10.7252 14.9655C10.7252 15.2825 10.4657 15.5394 10.1455 15.5394H6.7638C6.44363 15.5394 6.18408 15.2825 6.18408 14.9655Z" fill="#EB0203"></path>
                        <path fill-rule="evenodd" clip-rule="evenodd" d="M3.67139 5.77914C3.67139 5.46223 3.93094 5.20532 4.25111 5.20532H4.63759C4.95776 5.20532 5.21731 5.46223 5.21731 5.77914C5.21731 6.09606 4.95776 6.35297 4.63759 6.35297H4.25111C3.93094 6.35297 3.67139 6.09606 3.67139 5.77914Z" fill="#EB0203"></path>
                        <path fill-rule="evenodd" clip-rule="evenodd" d="M3.67139 11.9034C3.67139 11.5865 3.93094 11.3296 4.25111 11.3296H4.63759C4.95776 11.3296 5.21731 11.5865 5.21731 11.9034C5.21731 12.2202 4.95776 12.4771 4.63759 12.4771H4.25111C3.93094 12.4771 3.67139 12.2202 3.67139 11.9034Z" fill="#EB0203"></path>
                        <path fill-rule="evenodd" clip-rule="evenodd" d="M3.67139 8.84116C3.67139 8.52424 3.93094 8.26733 4.25111 8.26733H4.63759C4.95776 8.26733 5.21731 8.52424 5.21731 8.84116C5.21731 9.15807 4.95776 9.41498 4.63759 9.41498H4.25111C3.93094 9.41498 3.67139 9.15807 3.67139 8.84116Z" fill="#EB0203"></path>
                        <path fill-rule="evenodd" clip-rule="evenodd" d="M3.67139 14.9655C3.67139 14.6486 3.93094 14.3917 4.25111 14.3917H4.63759C4.95776 14.3917 5.21731 14.6486 5.21731 14.9655C5.21731 15.2825 4.95776 15.5394 4.63759 15.5394H4.25111C3.93094 15.5394 3.67139 15.2825 3.67139 14.9655Z" fill="#EB0203"></path>
                        <path fill-rule="evenodd" clip-rule="evenodd" d="M0 1.76033C0 0.914738 0.692131 0.229248 1.54592 0.229248H15.0727C15.9265 0.229248 16.6186 0.914738 16.6186 1.76033V11.2818C16.6186 11.5989 16.3591 11.8559 16.0389 11.8559C15.7187 11.8559 15.4592 11.5989 15.4592 11.2818V1.76033C15.4592 1.54893 15.2862 1.37756 15.0727 1.37756H1.54592C1.33247 1.37756 1.15944 1.54893 1.15944 1.76033V18.985C1.15944 19.1964 1.33247 19.3678 1.54592 19.3678H9.27551C9.59568 19.3678 9.85523 19.6249 9.85523 19.942C9.85523 20.2591 9.59568 20.5161 9.27551 20.5161H1.54592C0.692131 20.5161 0 19.8306 0 18.985V1.76033Z" fill="#EB0203"></path>
                        <path fill-rule="evenodd" clip-rule="evenodd" d="M14.6254 13.8718C13.4921 12.8567 11.7821 12.7615 10.6574 13.7147C9.12472 15.0124 9.34891 17.128 10.4413 18.2493L14.0161 21.9126C14.2199 22.1217 14.493 22.2386 14.7824 22.2386C15.0739 22.2386 15.3449 22.1238 15.5487 21.9147L19.1235 18.2514C20.2139 17.13 20.4422 15.0144 18.9075 13.7147C17.7827 12.7634 16.0726 12.8569 14.9392 13.872C14.8856 13.92 14.8333 13.9701 14.7824 14.0222C14.7314 13.97 14.6791 13.9199 14.6254 13.8718ZM18.1546 14.588C19.0972 15.3869 18.9961 16.7262 18.2891 17.4541C18.2888 17.4543 18.2886 17.4546 18.2884 17.4548L14.7834 21.0466L11.2757 17.452C11.2756 17.4519 11.2755 17.4517 11.2753 17.4516C10.5681 16.7252 10.4682 15.3856 11.4108 14.5876L11.4112 14.5872C12.0748 14.0248 13.202 14.0556 13.949 14.8205L14.7824 15.674L15.6158 14.8205C16.3618 14.0567 17.4896 14.0256 18.1545 14.5879" fill="#EB0203"></path>
                        </svg>
                        </button>
                        </div>
                        <div class="col-sm-10 col-12">
                        <div class="ct-tile-quantity d-none" data-pid="7241155">
                        <input type="hidden" class="add-to-cart-url" value="https://www.continente.pt/on/demandware.store/Sites-continente-Site/default/Cart-AddProduct">
                        <div class="d-none tile-delete-confirmation-btn" data-pid="7241155" data-delay-time="3000" data-in-cart-msg="no carrinho" data-one-product-added="Adicionado ao carrinho" data-remove-from-cart-msg="Removido do carrinho" data-stay-open="6000.0" data-confirmation-image="{&quot;url&quot;:&quot;https://www.continente.pt/dw/image/v2/BDVS_PRD/on/demandware.static/-/Sites-col-master-catalog/default/dwb0c38771/images/col/724/7241155-frente.jpg?sw=87&amp;sh=80&quot;,&quot;fallbackimage&quot;:{&quot;url&quot;:&quot;https://www.continente.pt/dw/image/v2/BDVS_PRD/on/demandware.static/Sites-continente-Site/-/default/dw7c42b4da/images/noimagelarge_product.png?sw=87&amp;sh=80&quot;,&quot;title&quot;:&quot;Atum Posta ao Natural&quot;,&quot;alt&quot;:&quot;Atum Posta ao Natural&quot;},&quot;title&quot;:&quot;Atum Posta ao Natural&quot;,&quot;alt&quot;:&quot;Atum Posta ao Natural&quot;}"></div>
                        <div class="ct-tile-quantity-update quantity-update product-qty-vue" data-remove-action="https://www.continente.pt/on/demandware.store/Sites-continente-Site/default/Cart-RemoveProductLineItem" data-action="https://www.continente.pt/on/demandware.store/Sites-continente-Site/default/Cart-UpdateQuantity" data-dimension-update="https://www.continente.pt/on/demandware.store/Sites-continente-Site/default/Cart-DimensionUpdate" data-pid="7241155" data-uuid="f5224f3a69c3d195f6fdfadf4d" data-add-delay="500.0" data-measure-options="{&quot;hasConversionRate&quot;:false,&quot;hasAlternativeSaleUnit&quot;:false,&quot;unitConversionRate&quot;:null,&quot;minOrderQuantity&quot;:1,&quot;stepQuantity&quot;:1,&quot;primaryunit&quot;:&quot;un&quot;,&quot;secondaryunit&quot;:&quot;kg&quot;,&quot;selectedunit&quot;:&quot;primary&quot;,&quot;maxNumberOfUnitsPerSale&quot;:50}" data-price-available="null" :data-has-error="isMaxQtyReached || isMinQtyReached || qtySelectedMoreThanOne">
                        <template v-show="prodUnits">
                        <div class="quantity-input-wrapper has-units">
                        <label class="visually-hidden" :for="'quantity-' + pid + additionalTag">
                        Quantidade no carrinho
                        </label>
                        <input :ref="'quantityInput-' + pid + additionalTag" class="add-to-cart-quantity form-control ct-form-input text-center" inputmode="numeric" :class="{'is-invalid': isInvalid}" :data-pid="pid + additionalTag" :name="'quantity-' + pid + additionalTag" type="text" aria-label="Insira a quantidade" title="" v-model="displayValue" @change="updateQuantity" @focus="updateQtyFormat" @blur="restoreQtyFormat" :disabled="!isPriceAvailable">
                        <span class="quantity-icon quantity-icon--minus">
                        <button class="decrease-quantity-btn" @click="updateQuantity" :disabled="!isPriceAvailable" role="button" aria-label="Reduzir quantidade">
                        <i class="css-math-minus"></i>
                        </button>
                        </span>
                        <span class="quantity-icon quantity-icon--plus">
                        <button class="increase-quantity-btn" @click="updateQuantity" :disabled="isMaxQtyReached || !isPriceAvailable" role="button" aria-label="Aumentar quantidade">
                        <i class="css-math-plus"></i>
                        </button>
                        <span class="quantity-btn-disabled-placeholder"></span>
                        </span>
                        <template v-if="isPDP">
                        <span class="quantity-error ct-span-error text-sm-center product-max-allocation" v-if="isMaxQtyReached">
                        Quantidade máxima atingida
                        </span>
                        <span class="quantity-error ct-span-product text-sm-center product-allocation" v-if="!isMinQtyReached &amp;&amp; !isMaxQtyReached">
                        {{quantitySelected}} no carrinho
                        </span>
                        <span class="quantity-error ct-span-error text-sm-center product-min-allocation" :data-pid="pid" v-if="isMinQtyReached &amp;&amp; !isMaxQtyReached">
                        Quantidade mínima atingida
                        </span>
                        </template>
                        </div>
                        <template v-if="showNotes">
                        <div class="add-note-link-container ">
                        <div class="add-note">
                        <a href="/produto/atum-posta-ao-natural-continente-equilibrio-7241155.html?showNote=true" class="ct-add-note-redirect-pdp" aria-label="Adicionar comentário">
                        <span class="svg-wrapper svg-icon-notes" style="width:19px; height:20px">
                        <svg class="svg-inline icon-notes" viewBox="0 0 28 30" xmlns="http://www.w3.org/2000/svg" width="100%" height="100%"><path d="M21.738 0C22.985 0 24 1.04 24 2.319V12.47c0 .469-.37.848-.828.848-.457 0-.827-.38-.827-.848V2.32c0-.343-.273-.622-.607-.622H2.262c-.334 0-.607.279-.607.622V27.68c0 .343.273.622.607.622h7.81c.457 0 .827.38.827.849 0 .468-.37.848-.827.848h-7.81C1.015 30 0 28.96 0 27.681V2.32C0 1.04 1.015 0 2.262 0h19.476zm2.844 16.004l.227.007c.823.053 1.589.39 2.176.964.64.627.993 1.46.993 2.349 0 .888-.353 1.722-.993 2.348l-6.83 6.665c-.11.108-.247.186-.397.226l-5.032 1.363c-.078.021-.16.032-.241.032-.242 0-.478-.097-.647-.266-.23-.231-.314-.566-.218-.874l1.49-4.798c.044-.139.122-.266.227-.369l6.844-6.677c.64-.625 1.493-.97 2.401-.97zm-2.886 3.94l-4.922 4.802-.947 3.048 3.22-.872 4.897-4.78-2.248-2.197zm2.887-2.174c-.425 0-.824.162-1.124.455l-.484.472 2.248 2.197.484-.472c.62-.606.62-1.591 0-2.197l-.117-.104c-.283-.227-.636-.35-1.007-.35zm-10.839.022c.498 0 .904.396.904.883 0 .488-.406.884-.904.884H5.946c-.499 0-.904-.396-.904-.884 0-.487.405-.883.904-.883zm5.042-4.876c.498 0 .904.397.904.884s-.406.884-.904.884H5.946c-.499 0-.904-.397-.904-.884s.405-.884.904-.884zm0-4.875c.498 0 .904.396.904.884 0 .487-.406.883-.904.883H5.946c-.499 0-.904-.396-.904-.883 0-.488.405-.884.904-.884z" fill="#EB0203" fill-rule="evenodd"></path></svg>
                        </span>
                        <div class="available-note d-none"></div>
                        </a>
                        </div>
                        </div>
                        </template>
                        <div class="measurement-unit-section" v-if="isPriceAvailable &amp;&amp; prodUnits ? prodUnits.hasAlternativeUnit : false">
                        <div class="ct-form-radio" @click="setDimension">
                        <input type="radio" title="" class="ct-form-check-input product-measurement-unit" :data-type="prodUnits.selectedUnit == prodUnits.secondaryUnit ? 'primary' : ''" :id="prodUnits.secondaryUnit + '-' + pid + '-measurement-unit-ptile' + additionalTag" :name="'measurement-unit-' + pid + '-ptile' + additionalTag" :value="prodUnits.secondaryUnit" v-model="prodUnits.selectedUnit">
                        <label :class="prodUnits.secondaryUnit + '-label ct-form-check-label mb-0'" :for="prodUnits.secondaryUnit + '-' + pid + '-measurement-unit-ptile' + additionalTag">
                        {{prodUnits.secondaryUnit}}
                        </label>
                        <span class="checkmark"></span>
                        </div>
                        <div class="ct-form-radio" @click="setDimension">
                        <input type="radio" title="" class="ct-form-check-input product-measurement-unit" :data-type="prodUnits.selectedUnit == prodUnits.primaryUnit ? 'primary' : ''" :id="prodUnits.primaryUnit + '-' + pid + '-measurement-unit-ptile' + additionalTag" :name="'measurement-unit-' + pid + '-ptile' + additionalTag" :value="prodUnits.primaryUnit" v-model="prodUnits.selectedUnit">
                        <label :class="prodUnits.primaryUnit + '-label ct-form-check-label mb-0'" :for="prodUnits.primaryUnit + '-' + pid + '-measurement-unit-ptile' + additionalTag">
                        {{prodUnits.primaryUnit}}
                        </label>
                        <span class="checkmark"></span>
                        </div>
                        </div>
                        <template v-if="!isPDP &amp;&amp; isPriceAvailable">
                        <span class="quantity-error ct-span-error product-max-allocation" v-if="isMaxQtyReached">
                        Quantidade máxima atingida
                        </span>
                        <span class="quantity-error ct-span-product product-allocation" v-if="!isMinQtyReached &amp;&amp; !isMaxQtyReached">
                        {{quantitySelected}} no carrinho
                        </span>
                        <span class="quantity-error ct-span-error product-min-allocation" :data-pid="pid" v-if="isMinQtyReached &amp;&amp; !isMaxQtyReached">
                        Quantidade mínima atingida
                        </span>
                        </template>
                        </template>
                        </div>
                        <input class="quantity-value-mask d-none" name="quantity" type="number" min="0" value="">
                        </div>
                        <button type="button" class="add-to-cart button js-add-to-cart js-add-to-cart-tile 7241155 button--primary dynamic-layout-btn" data-toggle="modal" data-target="#chooseBonusProductModal" data-pid="7241155" data-quantity-value="null" aria-label="Carrinho">
                        <span class="d-block d-sm-none">
                        <span class="svg-wrapper svg-icon-cart" style="width:20px; height:20px">
                        <svg class="svg-inline icon-cart" xmlns="http://www.w3.org/2000/svg" viewBox="0 0 500 500" width="100%" height="100%"><path fill="#EB0203" fill-rule="evenodd" d="M 485.67317,94.386311 C 476.37798,83.847129 463.09468,78.03348 448.30404,78.03348 H 90.690813 L 87.079511,51.327997 C 83.185582,22.539551 62.962285,0 41.011841,0 H 14.727836 C 6.563151,0 0,6.5286975 0,14.580758 c 0,8.05206 6.5945535,14.580758 14.727836,14.580758 h 26.284005 c 4.710398,0 14.696435,9.855222 16.894619,26.021523 L 100.01739,368.0631 c 1.88416,13.77244 9.01256,26.70549 20.1605,36.37417 8.25889,7.15046 18.02511,11.9071 28.26237,13.89679 -4.17655,7.58572 -6.53175,16.25957 -6.53175,25.493 0,29.53459 24.27424,53.59751 54.13815,53.59751 29.8325,0 54.13814,-24.03184 54.13814,-53.59751 0,-8.79818 -2.19818,-17.09897 -5.9979,-24.43598 h 77.12488 c -3.79973,7.33701 -5.96652,15.6378 -5.96652,24.43598 0,29.53459 24.27424,53.59751 54.13817,53.59751 29.83249,0 54.13814,-24.03184 54.13814,-53.59751 0,-8.79818 -2.1982,-17.09897 -5.9979,-24.43598 h 38.56243 c 8.13328,0 14.72783,-6.5287 14.72783,-14.61183 0,-8.02098 -6.59455,-14.54967 -14.72783,-14.54967 H 159.24277 c -14.38241,0 -28.13677,-11.90711 -30.02092,-26.02153 l -3.07746,-22.88154 h 290.6314 c 14.03698,0 27.94834,-5.28513 39.06488,-14.95381 11.11652,-9.6376 18.27632,-22.57065 20.16048,-36.37417 l 21.10259,-156.78201 c 1.94694,-14.51858 -2.10398,-28.29103 -11.43057,-38.861299 z M 220.76053,443.82706 c 0,13.49265 -11.08513,24.46709 -24.68247,24.46709 -13.62874,0 -24.71387,-10.97444 -24.71387,-24.46709 0,-13.49262 11.08513,-24.43598 24.71387,-24.43598 13.59734,0 24.68247,10.94336 24.68247,24.43598 z m 173.43675,0 c 0,13.49265 -11.08512,24.46709 -24.68245,24.46709 -13.62876,0 -24.71388,-10.97444 -24.71388,-24.46709 0,-13.49262 11.08512,-24.43598 24.71388,-24.43598 13.59733,0 24.68245,10.94336 24.68245,24.43598 z m 73.7648,-314.46558 -21.13397,156.782 c -1.88416,14.11442 -15.63851,26.05261 -30.02091,26.05261 H 122.25046 L 94.616142,107.19499 H 448.33544 c 6.18632,0 11.61896,2.2695 15.23028,6.37326 3.64269,4.13484 5.21283,9.73086 4.39636,15.79323 z"></path></svg>
                        </span>
                        </span>
                        <span class="add-to-cart--text d-none d-sm-block">Carrinho</span>
                        </button>
                        </div>
                        </div>
                        </div>
                        </div>
                        
                        <div class="col-12 d-sm-none">
                        </div>
                        </div>
                        </div>
                        </div>
                        </div>
                        <div class="col-12 col-sm-3 col-lg-2 productTile" data-idx="17">
                        
                        <script type="text/javascript">//<!--
                        /* <![CDATA[ */
                        (function(){
                        try {
                            if(window.CQuotient) {
                            var cq_params = {};
                            
                            cq_params.cookieId = window.CQuotient.getCQCookieId();
                            cq_params.userId = window.CQuotient.getCQUserId();
                            cq_params.emailId = CQuotient.getCQHashedEmail();
                            cq_params.loginId = CQuotient.getCQHashedLogin();
                            cq_params.accumulate = true;
                            cq_params.products = [{
                                id: '2533075',
                                sku: ''
                            }];
                            cq_params.categoryId = 'mercearias';
                            cq_params.refinements = '[{\"name\":\"priceMin\",\"value\":\"0.01\"},{\"name\":\"priceMax\",\"value\":\"null\"},{\"name\":\"curr\",\"value\":\"EUR\"},{\"name\":\"Category\",\"value\":\"mercearias\"}]';
                            cq_params.personalized = 'false';
                            cq_params.sortingRule = 'FOOD_Mercearia';
                            cq_params.imageUUID = '__UNDEFINED__';
                            cq_params.realm = "BDVS";
                            cq_params.siteId = "continente";
                            cq_params.instanceType = "prd";
                            cq_params.queryLocale = "default";
                            cq_params.locale = window.CQuotient.locale;
                            
                            if(window.CQuotient.sendActivity)
                                window.CQuotient.sendActivity(CQuotient.clientId, 'viewCategory', cq_params);
                            else
                                window.CQuotient.activities.push({
                                    activityType: 'viewCategory',
                                    parameters: cq_params
                                });
                          }
                        } catch(err) {}
                        })();
                        /* ]]> */
                        // -->
                        </script>
                        <script type="text/javascript">//<!--
                        /* <![CDATA[ (viewCategoryProduct-active_data.js) */
                        (function(){
                        try {
                            if (dw.ac) {
                                var search_params = {};
                                search_params.persd = 'false';
                                search_params.refs = '[{\"name\":\"priceMin\",\"value\":\"0.01\"},{\"name\":\"priceMax\",\"value\":\"null\"},{\"name\":\"curr\",\"value\":\"EUR\"},{\"name\":\"Category\",\"value\":\"mercearias\"}]';
                                search_params.sort = 'FOOD_Mercearia';
                                search_params.imageUUID = '';
                                search_params.searchID = 'afeeff71-841d-471a-a4b6-1885a5ac2689';
                                search_params.locale = 'default';
                                search_params.queryLocale = 'default';
                                search_params.showProducts = 'true';
                                dw.ac.applyContext({category: "mercearias", searchData: search_params});
                                if (typeof dw.ac._scheduleDataSubmission === "function") {
                                    dw.ac._scheduleDataSubmission();
                                }
                            }
                        } catch(err) {}
                        })();
                        /* ]]> */
                        // -->
                        </script>
                        <script type="text/javascript">//<!--
                        /* <![CDATA[ (viewProduct-active_data.js) */
                        dw.ac._capture({id: "2533075", type: "searchhit"});
                        /* ]]> */
                        // -->
                        </script>
                        <div class="product" data-pid="2533075">
                        <div class="product-tile pid-2533075 ct-product-tile data-layer-pushed" data-delay-time="3000" data-variants-mapping="[]" data-in-cart-msg="no carrinho" data-one-product-added="Adicionado ao carrinho" data-remove-from-cart-msg="Removido do carrinho" data-stay-open="6000.0" data-product-tile-impression="{&quot;name&quot;:&quot;2533075&quot;,&quot;id&quot;:&quot;2533075&quot;,&quot;price&quot;:1.89,&quot;brand&quot;:&quot;Bom Petisco&quot;,&quot;category&quot;:[{&quot;category_level_1&quot;:&quot;Mercearia&quot;},{&quot;category_level_2&quot;:&quot;Conservas&quot;},{&quot;category_level_3&quot;:&quot;Atum&quot;}],&quot;variant&quot;:&quot;&quot;}">
                        <div class="ct-inner-tile-wrap row no-gutters justify-content-center align-content-start">
                        
                        <div class="ct-image-container col-4 col-sm" data-confirmation-image="{&quot;url&quot;:&quot;https://www.continente.pt/dw/image/v2/BDVS_PRD/on/demandware.static/-/Sites-col-master-catalog/default/dwa9f07051/images/col/253/2533075-direito.jpg?sw=87&amp;sh=80&quot;,&quot;fallbackimage&quot;:{&quot;url&quot;:&quot;https://www.continente.pt/dw/image/v2/BDVS_PRD/on/demandware.static/Sites-continente-Site/-/default/dw7c42b4da/images/noimagelarge_product.png?sw=87&amp;sh=80&quot;,&quot;title&quot;:&quot;Atum Posta em Azeite&quot;,&quot;alt&quot;:&quot;Atum Posta em Azeite&quot;},&quot;title&quot;:&quot;Atum Posta em Azeite&quot;,&quot;alt&quot;:&quot;Atum Posta em Azeite&quot;}">
                        <a href="https://www.continente.pt/produto/atum-posta-em-azeite-bom-petisco-2533075.html?cgid=mercearias">
                        <picture class="intrinsic intrinsic--square">
                        <img class="ct-tile-image lazyloaded" loading="lazy" onerror="this.onerror=null;this.src='/on/demandware.static/Sites-continente-Site/-/default/dw7c42b4da/images/noimagelarge_product.png';" data-src="https://www.continente.pt/dw/image/v2/BDVS_PRD/on/demandware.static/-/Sites-col-master-catalog/default/dwa9f07051/images/col/253/2533075-direito.jpg?sw=280&amp;sh=280" alt="Atum Posta em Azeite" title="Atum Posta em Azeite" src="https://www.continente.pt/dw/image/v2/BDVS_PRD/on/demandware.static/-/Sites-col-master-catalog/default/dwa9f07051/images/col/253/2533075-direito.jpg?sw=280&amp;sh=280">
                        </picture>
                        </a>
                        <div class="color-swatches d-flex" style="margin-left: 5px;">
                        <div class="swatches d-flex">
                        </div>
                        </div>
                        </div>
                        <div class="ct-tile-body col col-sm-auto ">
                        <div class="ct-pdp-details">
                        <div class="ct-pdp-link">
                        <a class="ct-tile--description" href="https://www.continente.pt/produto/atum-posta-em-azeite-bom-petisco-2533075.html?cgid=mercearias">Atum Posta em Azeite</a>
                        <div class="ct-tile--favorite-top d-sm-none">
                        <button class="wishlist-toggler guest-mode inactive button button--tertiary" data-pid="2533075" data-add-url="https://www.continente.pt/on/demandware.store/Sites-continente-Site/default/Wishlist-AddProduct?pid=2533075" data-toggle="tooltip" aria-label="Adicionar aos favoritos " data-original-title="Adicionar aos favoritos" data-placement="top">
                        <svg class="active-content" width="100%" height="100%" viewBox="0 0 20 22" fill="none" xmlns="http://www.w3.org/2000/svg">
                        <path fill-rule="evenodd" clip-rule="evenodd" d="M0 1.53052C0 0.685236 0.692171 0 1.54601 0H15.0736C15.9274 0 16.6196 0.685235 16.6196 1.53052V13.4064L15.8127 13.922L14.2658 14.2658L12.7189 13.4064L10.6054 14.3818C10.4994 14.2451 10.3327 14.157 10.1452 14.157H6.76329C6.4431 14.157 6.18354 14.414 6.18354 14.731C6.18354 15.0479 6.4431 15.3049 6.76329 15.3049H10.1452C10.2478 15.3049 10.3441 15.2785 10.4277 15.2322L10.3126 16.8439L13.2345 20.2793H1.54601C0.69217 20.2793 0 19.5941 0 18.7488V1.53052ZM6.18354 5.5483C6.18354 5.23132 6.4431 4.97436 6.76329 4.97436H12.3676C12.6878 4.97436 12.9473 5.23132 12.9473 5.5483C12.9473 5.86528 12.6878 6.12224 12.3676 6.12224H6.76329C6.4431 6.12224 6.18354 5.86528 6.18354 5.5483ZM6.76329 11.0961C6.4431 11.0961 6.18354 11.3531 6.18354 11.6701C6.18354 11.987 6.4431 12.244 6.76329 12.244H12.3676C12.6878 12.244 12.9473 11.987 12.9473 11.6701C12.9473 11.3531 12.6878 11.0961 12.3676 11.0961H6.76329ZM6.18354 8.60985C6.18354 8.29287 6.4431 8.03591 6.76329 8.03591H12.3676C12.6878 8.03591 12.9473 8.29287 12.9473 8.60985C12.9473 8.92684 12.6878 9.1838 12.3676 9.1838H6.76329C6.4431 9.1838 6.18354 8.92684 6.18354 8.60985ZM3.67118 5.5483C3.67118 5.23132 3.93075 4.97436 4.25093 4.97436H4.63743C4.95762 4.97436 5.21719 5.23132 5.21719 5.5483C5.21719 5.86528 4.95762 6.12224 4.63743 6.12224H4.25093C3.93075 6.12224 3.67118 5.86528 3.67118 5.5483ZM4.25093 11.0961C3.93075 11.0961 3.67118 11.3531 3.67118 11.6701C3.67118 11.987 3.93075 12.244 4.25093 12.244H4.63743C4.95762 12.244 5.21719 11.987 5.21719 11.6701C5.21719 11.3531 4.95762 11.0961 4.63743 11.0961H4.25093ZM3.67118 8.60985C3.67118 8.29287 3.93075 8.03591 4.25093 8.03591H4.63743C4.95762 8.03591 5.21719 8.29287 5.21719 8.60985C5.21719 8.92684 4.95762 9.1838 4.63743 9.1838H4.25093C3.93075 9.1838 3.67118 8.92684 3.67118 8.60985ZM4.25093 14.157C3.93075 14.157 3.67118 14.414 3.67118 14.731C3.67118 15.0479 3.93075 15.3049 4.25093 15.3049H4.63743C4.95762 15.3049 5.21719 15.0479 5.21719 14.731C5.21719 14.414 4.95762 14.157 4.63743 14.157H4.25093Z" fill="#EB0203"></path>
                        <path fill-rule="evenodd" clip-rule="evenodd" d="M14.6252 13.6363C13.4918 12.6215 11.7817 12.5264 10.6569 13.4792C9.12421 14.7764 9.34841 16.8912 10.4409 18.0122L14.0159 21.6742C14.2197 21.8832 14.4928 22 14.7822 22C15.0737 22 15.3448 21.8852 15.5486 21.6762L19.1236 18.0142C20.214 16.8933 20.4423 14.7785 18.9075 13.4792C17.7827 12.5283 16.0724 12.6217 14.9391 13.6365C14.8855 13.6845 14.8331 13.7345 14.7822 13.7866C14.7313 13.7345 14.6789 13.6843 14.6252 13.6363ZM18.1546 14.3522C19.0973 15.1508 18.9962 16.4896 18.2891 17.2173C18.2888 17.2175 18.2886 17.2177 18.2884 17.218L14.7832 20.8084L11.2753 17.2151C11.2752 17.215 11.2751 17.2149 11.2749 17.2148C10.5677 16.4887 10.4678 15.1495 11.4104 14.3518L11.4108 14.3514C12.0745 13.7892 13.2018 13.82 13.9488 14.5846L14.7822 15.4378L15.6157 14.5846C16.3617 13.8211 17.4896 13.79 18.1545 14.3521" fill="#EB0203"></path>
                        </svg>
                        <svg class="inactive-content" width="100%" height="100%" viewBox="0 0 20 23" fill="none" xmlns="http://www.w3.org/2000/svg">
                        <path fill-rule="evenodd" clip-rule="evenodd" d="M6.18408 5.77914C6.18408 5.46223 6.44363 5.20532 6.7638 5.20532H12.3678C12.6879 5.20532 12.9475 5.46223 12.9475 5.77914C12.9475 6.09606 12.6879 6.35297 12.3678 6.35297H6.7638C6.44363 6.35297 6.18408 6.09606 6.18408 5.77914Z" fill="#EB0203"></path>
                        <path fill-rule="evenodd" clip-rule="evenodd" d="M6.18408 11.9034C6.18408 11.5865 6.44363 11.3296 6.7638 11.3296H12.3678C12.6879 11.3296 12.9475 11.5865 12.9475 11.9034C12.9475 12.2202 12.6879 12.4771 12.3678 12.4771H6.7638C6.44363 12.4771 6.18408 12.2202 6.18408 11.9034Z" fill="#EB0203"></path>
                        <path fill-rule="evenodd" clip-rule="evenodd" d="M6.18408 8.84116C6.18408 8.52424 6.44363 8.26733 6.7638 8.26733H12.3678C12.6879 8.26733 12.9475 8.52424 12.9475 8.84116C12.9475 9.15807 12.6879 9.41498 12.3678 9.41498H6.7638C6.44363 9.41498 6.18408 9.15807 6.18408 8.84116Z" fill="#EB0203"></path>
                        <path fill-rule="evenodd" clip-rule="evenodd" d="M6.18408 14.9655C6.18408 14.6486 6.44363 14.3917 6.7638 14.3917H10.1455C10.4657 14.3917 10.7252 14.6486 10.7252 14.9655C10.7252 15.2825 10.4657 15.5394 10.1455 15.5394H6.7638C6.44363 15.5394 6.18408 15.2825 6.18408 14.9655Z" fill="#EB0203"></path>
                        <path fill-rule="evenodd" clip-rule="evenodd" d="M3.67139 5.77914C3.67139 5.46223 3.93094 5.20532 4.25111 5.20532H4.63759C4.95776 5.20532 5.21731 5.46223 5.21731 5.77914C5.21731 6.09606 4.95776 6.35297 4.63759 6.35297H4.25111C3.93094 6.35297 3.67139 6.09606 3.67139 5.77914Z" fill="#EB0203"></path>
                        <path fill-rule="evenodd" clip-rule="evenodd" d="M3.67139 11.9034C3.67139 11.5865 3.93094 11.3296 4.25111 11.3296H4.63759C4.95776 11.3296 5.21731 11.5865 5.21731 11.9034C5.21731 12.2202 4.95776 12.4771 4.63759 12.4771H4.25111C3.93094 12.4771 3.67139 12.2202 3.67139 11.9034Z" fill="#EB0203"></path>
                        <path fill-rule="evenodd" clip-rule="evenodd" d="M3.67139 8.84116C3.67139 8.52424 3.93094 8.26733 4.25111 8.26733H4.63759C4.95776 8.26733 5.21731 8.52424 5.21731 8.84116C5.21731 9.15807 4.95776 9.41498 4.63759 9.41498H4.25111C3.93094 9.41498 3.67139 9.15807 3.67139 8.84116Z" fill="#EB0203"></path>
                        <path fill-rule="evenodd" clip-rule="evenodd" d="M3.67139 14.9655C3.67139 14.6486 3.93094 14.3917 4.25111 14.3917H4.63759C4.95776 14.3917 5.21731 14.6486 5.21731 14.9655C5.21731 15.2825 4.95776 15.5394 4.63759 15.5394H4.25111C3.93094 15.5394 3.67139 15.2825 3.67139 14.9655Z" fill="#EB0203"></path>
                        <path fill-rule="evenodd" clip-rule="evenodd" d="M0 1.76033C0 0.914738 0.692131 0.229248 1.54592 0.229248H15.0727C15.9265 0.229248 16.6186 0.914738 16.6186 1.76033V11.2818C16.6186 11.5989 16.3591 11.8559 16.0389 11.8559C15.7187 11.8559 15.4592 11.5989 15.4592 11.2818V1.76033C15.4592 1.54893 15.2862 1.37756 15.0727 1.37756H1.54592C1.33247 1.37756 1.15944 1.54893 1.15944 1.76033V18.985C1.15944 19.1964 1.33247 19.3678 1.54592 19.3678H9.27551C9.59568 19.3678 9.85523 19.6249 9.85523 19.942C9.85523 20.2591 9.59568 20.5161 9.27551 20.5161H1.54592C0.692131 20.5161 0 19.8306 0 18.985V1.76033Z" fill="#EB0203"></path>
                        <path fill-rule="evenodd" clip-rule="evenodd" d="M14.6254 13.8718C13.4921 12.8567 11.7821 12.7615 10.6574 13.7147C9.12472 15.0124 9.34891 17.128 10.4413 18.2493L14.0161 21.9126C14.2199 22.1217 14.493 22.2386 14.7824 22.2386C15.0739 22.2386 15.3449 22.1238 15.5487 21.9147L19.1235 18.2514C20.2139 17.13 20.4422 15.0144 18.9075 13.7147C17.7827 12.7634 16.0726 12.8569 14.9392 13.872C14.8856 13.92 14.8333 13.9701 14.7824 14.0222C14.7314 13.97 14.6791 13.9199 14.6254 13.8718ZM18.1546 14.588C19.0972 15.3869 18.9961 16.7262 18.2891 17.4541C18.2888 17.4543 18.2886 17.4546 18.2884 17.4548L14.7834 21.0466L11.2757 17.452C11.2756 17.4519 11.2755 17.4517 11.2753 17.4516C10.5681 16.7252 10.4682 15.3856 11.4108 14.5876L11.4112 14.5872C12.0748 14.0248 13.202 14.0556 13.949 14.8205L14.7824 15.674L15.6158 14.8205C16.3618 14.0567 17.4896 14.0256 18.1545 14.5879" fill="#EB0203"></path>
                        </svg>
                        </button>
                        </div>
                        </div>
                        <p class="ct-tile--brand">Bom Petisco</p>
                        <p class="ct-tile--quantity">emb. 120 gr (peso escorrido 78 gr)</p>
                        </div>
                        <div class="ct-tile-bottom row no-gutters justify-content-between">
                        <div class="ct-price-wrap col-8 col-sm-12">
                        <div class="price js-product-price">
                        <div class="prices-wrapper">
                        <span class="sales ct-tile--price-primary ">
                        <span class="value" content="1.89">
                        <span class="ct-price-formatted">
                        €1,89
                        </span>
                        <span class="ct-m-unit">
                        /un
                        </span>
                        </span>
                        </span>
                        </div>
                        <div class="ct-tile--price-secondary">
                        <span class="ct-price-value">
                        €24,23
                        </span>
                        <span class="ct-m-unit">
                        /kg
                        </span>
                        </div>
                        </div>
                        </div>
                        <div class="ct-tile-buy-section d-flex justify-content-center no-gutters col-auto col-sm-12">
                        <div class="col-2 d-sm-flex d-none">
                        <button class="wishlist-toggler guest-mode inactive button button--tertiary" data-pid="2533075" data-add-url="https://www.continente.pt/on/demandware.store/Sites-continente-Site/default/Wishlist-AddProduct?pid=2533075" data-toggle="tooltip" aria-label="Adicionar aos favoritos " data-original-title="Adicionar aos favoritos" data-placement="top">
                        <svg class="active-content" width="100%" height="100%" viewBox="0 0 20 22" fill="none" xmlns="http://www.w3.org/2000/svg">
                        <path fill-rule="evenodd" clip-rule="evenodd" d="M0 1.53052C0 0.685236 0.692171 0 1.54601 0H15.0736C15.9274 0 16.6196 0.685235 16.6196 1.53052V13.4064L15.8127 13.922L14.2658 14.2658L12.7189 13.4064L10.6054 14.3818C10.4994 14.2451 10.3327 14.157 10.1452 14.157H6.76329C6.4431 14.157 6.18354 14.414 6.18354 14.731C6.18354 15.0479 6.4431 15.3049 6.76329 15.3049H10.1452C10.2478 15.3049 10.3441 15.2785 10.4277 15.2322L10.3126 16.8439L13.2345 20.2793H1.54601C0.69217 20.2793 0 19.5941 0 18.7488V1.53052ZM6.18354 5.5483C6.18354 5.23132 6.4431 4.97436 6.76329 4.97436H12.3676C12.6878 4.97436 12.9473 5.23132 12.9473 5.5483C12.9473 5.86528 12.6878 6.12224 12.3676 6.12224H6.76329C6.4431 6.12224 6.18354 5.86528 6.18354 5.5483ZM6.76329 11.0961C6.4431 11.0961 6.18354 11.3531 6.18354 11.6701C6.18354 11.987 6.4431 12.244 6.76329 12.244H12.3676C12.6878 12.244 12.9473 11.987 12.9473 11.6701C12.9473 11.3531 12.6878 11.0961 12.3676 11.0961H6.76329ZM6.18354 8.60985C6.18354 8.29287 6.4431 8.03591 6.76329 8.03591H12.3676C12.6878 8.03591 12.9473 8.29287 12.9473 8.60985C12.9473 8.92684 12.6878 9.1838 12.3676 9.1838H6.76329C6.4431 9.1838 6.18354 8.92684 6.18354 8.60985ZM3.67118 5.5483C3.67118 5.23132 3.93075 4.97436 4.25093 4.97436H4.63743C4.95762 4.97436 5.21719 5.23132 5.21719 5.5483C5.21719 5.86528 4.95762 6.12224 4.63743 6.12224H4.25093C3.93075 6.12224 3.67118 5.86528 3.67118 5.5483ZM4.25093 11.0961C3.93075 11.0961 3.67118 11.3531 3.67118 11.6701C3.67118 11.987 3.93075 12.244 4.25093 12.244H4.63743C4.95762 12.244 5.21719 11.987 5.21719 11.6701C5.21719 11.3531 4.95762 11.0961 4.63743 11.0961H4.25093ZM3.67118 8.60985C3.67118 8.29287 3.93075 8.03591 4.25093 8.03591H4.63743C4.95762 8.03591 5.21719 8.29287 5.21719 8.60985C5.21719 8.92684 4.95762 9.1838 4.63743 9.1838H4.25093C3.93075 9.1838 3.67118 8.92684 3.67118 8.60985ZM4.25093 14.157C3.93075 14.157 3.67118 14.414 3.67118 14.731C3.67118 15.0479 3.93075 15.3049 4.25093 15.3049H4.63743C4.95762 15.3049 5.21719 15.0479 5.21719 14.731C5.21719 14.414 4.95762 14.157 4.63743 14.157H4.25093Z" fill="#EB0203"></path>
                        <path fill-rule="evenodd" clip-rule="evenodd" d="M14.6252 13.6363C13.4918 12.6215 11.7817 12.5264 10.6569 13.4792C9.12421 14.7764 9.34841 16.8912 10.4409 18.0122L14.0159 21.6742C14.2197 21.8832 14.4928 22 14.7822 22C15.0737 22 15.3448 21.8852 15.5486 21.6762L19.1236 18.0142C20.214 16.8933 20.4423 14.7785 18.9075 13.4792C17.7827 12.5283 16.0724 12.6217 14.9391 13.6365C14.8855 13.6845 14.8331 13.7345 14.7822 13.7866C14.7313 13.7345 14.6789 13.6843 14.6252 13.6363ZM18.1546 14.3522C19.0973 15.1508 18.9962 16.4896 18.2891 17.2173C18.2888 17.2175 18.2886 17.2177 18.2884 17.218L14.7832 20.8084L11.2753 17.2151C11.2752 17.215 11.2751 17.2149 11.2749 17.2148C10.5677 16.4887 10.4678 15.1495 11.4104 14.3518L11.4108 14.3514C12.0745 13.7892 13.2018 13.82 13.9488 14.5846L14.7822 15.4378L15.6157 14.5846C16.3617 13.8211 17.4896 13.79 18.1545 14.3521" fill="#EB0203"></path>
                        </svg>
                        <svg class="inactive-content" width="100%" height="100%" viewBox="0 0 20 23" fill="none" xmlns="http://www.w3.org/2000/svg">
                        <path fill-rule="evenodd" clip-rule="evenodd" d="M6.18408 5.77914C6.18408 5.46223 6.44363 5.20532 6.7638 5.20532H12.3678C12.6879 5.20532 12.9475 5.46223 12.9475 5.77914C12.9475 6.09606 12.6879 6.35297 12.3678 6.35297H6.7638C6.44363 6.35297 6.18408 6.09606 6.18408 5.77914Z" fill="#EB0203"></path>
                        <path fill-rule="evenodd" clip-rule="evenodd" d="M6.18408 11.9034C6.18408 11.5865 6.44363 11.3296 6.7638 11.3296H12.3678C12.6879 11.3296 12.9475 11.5865 12.9475 11.9034C12.9475 12.2202 12.6879 12.4771 12.3678 12.4771H6.7638C6.44363 12.4771 6.18408 12.2202 6.18408 11.9034Z" fill="#EB0203"></path>
                        <path fill-rule="evenodd" clip-rule="evenodd" d="M6.18408 8.84116C6.18408 8.52424 6.44363 8.26733 6.7638 8.26733H12.3678C12.6879 8.26733 12.9475 8.52424 12.9475 8.84116C12.9475 9.15807 12.6879 9.41498 12.3678 9.41498H6.7638C6.44363 9.41498 6.18408 9.15807 6.18408 8.84116Z" fill="#EB0203"></path>
                        <path fill-rule="evenodd" clip-rule="evenodd" d="M6.18408 14.9655C6.18408 14.6486 6.44363 14.3917 6.7638 14.3917H10.1455C10.4657 14.3917 10.7252 14.6486 10.7252 14.9655C10.7252 15.2825 10.4657 15.5394 10.1455 15.5394H6.7638C6.44363 15.5394 6.18408 15.2825 6.18408 14.9655Z" fill="#EB0203"></path>
                        <path fill-rule="evenodd" clip-rule="evenodd" d="M3.67139 5.77914C3.67139 5.46223 3.93094 5.20532 4.25111 5.20532H4.63759C4.95776 5.20532 5.21731 5.46223 5.21731 5.77914C5.21731 6.09606 4.95776 6.35297 4.63759 6.35297H4.25111C3.93094 6.35297 3.67139 6.09606 3.67139 5.77914Z" fill="#EB0203"></path>
                        <path fill-rule="evenodd" clip-rule="evenodd" d="M3.67139 11.9034C3.67139 11.5865 3.93094 11.3296 4.25111 11.3296H4.63759C4.95776 11.3296 5.21731 11.5865 5.21731 11.9034C5.21731 12.2202 4.95776 12.4771 4.63759 12.4771H4.25111C3.93094 12.4771 3.67139 12.2202 3.67139 11.9034Z" fill="#EB0203"></path>
                        <path fill-rule="evenodd" clip-rule="evenodd" d="M3.67139 8.84116C3.67139 8.52424 3.93094 8.26733 4.25111 8.26733H4.63759C4.95776 8.26733 5.21731 8.52424 5.21731 8.84116C5.21731 9.15807 4.95776 9.41498 4.63759 9.41498H4.25111C3.93094 9.41498 3.67139 9.15807 3.67139 8.84116Z" fill="#EB0203"></path>
                        <path fill-rule="evenodd" clip-rule="evenodd" d="M3.67139 14.9655C3.67139 14.6486 3.93094 14.3917 4.25111 14.3917H4.63759C4.95776 14.3917 5.21731 14.6486 5.21731 14.9655C5.21731 15.2825 4.95776 15.5394 4.63759 15.5394H4.25111C3.93094 15.5394 3.67139 15.2825 3.67139 14.9655Z" fill="#EB0203"></path>
                        <path fill-rule="evenodd" clip-rule="evenodd" d="M0 1.76033C0 0.914738 0.692131 0.229248 1.54592 0.229248H15.0727C15.9265 0.229248 16.6186 0.914738 16.6186 1.76033V11.2818C16.6186 11.5989 16.3591 11.8559 16.0389 11.8559C15.7187 11.8559 15.4592 11.5989 15.4592 11.2818V1.76033C15.4592 1.54893 15.2862 1.37756 15.0727 1.37756H1.54592C1.33247 1.37756 1.15944 1.54893 1.15944 1.76033V18.985C1.15944 19.1964 1.33247 19.3678 1.54592 19.3678H9.27551C9.59568 19.3678 9.85523 19.6249 9.85523 19.942C9.85523 20.2591 9.59568 20.5161 9.27551 20.5161H1.54592C0.692131 20.5161 0 19.8306 0 18.985V1.76033Z" fill="#EB0203"></path>
                        <path fill-rule="evenodd" clip-rule="evenodd" d="M14.6254 13.8718C13.4921 12.8567 11.7821 12.7615 10.6574 13.7147C9.12472 15.0124 9.34891 17.128 10.4413 18.2493L14.0161 21.9126C14.2199 22.1217 14.493 22.2386 14.7824 22.2386C15.0739 22.2386 15.3449 22.1238 15.5487 21.9147L19.1235 18.2514C20.2139 17.13 20.4422 15.0144 18.9075 13.7147C17.7827 12.7634 16.0726 12.8569 14.9392 13.872C14.8856 13.92 14.8333 13.9701 14.7824 14.0222C14.7314 13.97 14.6791 13.9199 14.6254 13.8718ZM18.1546 14.588C19.0972 15.3869 18.9961 16.7262 18.2891 17.4541C18.2888 17.4543 18.2886 17.4546 18.2884 17.4548L14.7834 21.0466L11.2757 17.452C11.2756 17.4519 11.2755 17.4517 11.2753 17.4516C10.5681 16.7252 10.4682 15.3856 11.4108 14.5876L11.4112 14.5872C12.0748 14.0248 13.202 14.0556 13.949 14.8205L14.7824 15.674L15.6158 14.8205C16.3618 14.0567 17.4896 14.0256 18.1545 14.5879" fill="#EB0203"></path>
                        </svg>
                        </button>
                        </div>
                        <div class="col-sm-10 col-12">
                        <div class="ct-tile-quantity d-none" data-pid="2533075">
                        <input type="hidden" class="add-to-cart-url" value="https://www.continente.pt/on/demandware.store/Sites-continente-Site/default/Cart-AddProduct">
                        <div class="d-none tile-delete-confirmation-btn" data-pid="2533075" data-delay-time="3000" data-in-cart-msg="no carrinho" data-one-product-added="Adicionado ao carrinho" data-remove-from-cart-msg="Removido do carrinho" data-stay-open="6000.0" data-confirmation-image="{&quot;url&quot;:&quot;https://www.continente.pt/dw/image/v2/BDVS_PRD/on/demandware.static/-/Sites-col-master-catalog/default/dwa9f07051/images/col/253/2533075-direito.jpg?sw=87&amp;sh=80&quot;,&quot;fallbackimage&quot;:{&quot;url&quot;:&quot;https://www.continente.pt/dw/image/v2/BDVS_PRD/on/demandware.static/Sites-continente-Site/-/default/dw7c42b4da/images/noimagelarge_product.png?sw=87&amp;sh=80&quot;,&quot;title&quot;:&quot;Atum Posta em Azeite&quot;,&quot;alt&quot;:&quot;Atum Posta em Azeite&quot;},&quot;title&quot;:&quot;Atum Posta em Azeite&quot;,&quot;alt&quot;:&quot;Atum Posta em Azeite&quot;}"></div>
                        <div class="ct-tile-quantity-update quantity-update product-qty-vue" data-remove-action="https://www.continente.pt/on/demandware.store/Sites-continente-Site/default/Cart-RemoveProductLineItem" data-action="https://www.continente.pt/on/demandware.store/Sites-continente-Site/default/Cart-UpdateQuantity" data-dimension-update="https://www.continente.pt/on/demandware.store/Sites-continente-Site/default/Cart-DimensionUpdate" data-pid="2533075" data-uuid="f60da19a3153427043f5153414" data-add-delay="500.0" data-measure-options="{&quot;hasConversionRate&quot;:false,&quot;hasAlternativeSaleUnit&quot;:false,&quot;unitConversionRate&quot;:null,&quot;minOrderQuantity&quot;:1,&quot;stepQuantity&quot;:1,&quot;primaryunit&quot;:&quot;un&quot;,&quot;secondaryunit&quot;:&quot;kg&quot;,&quot;selectedunit&quot;:&quot;primary&quot;,&quot;maxNumberOfUnitsPerSale&quot;:50}" data-price-available="null" :data-has-error="isMaxQtyReached || isMinQtyReached || qtySelectedMoreThanOne">
                        <template v-show="prodUnits">
                        <div class="quantity-input-wrapper has-units">
                        <label class="visually-hidden" :for="'quantity-' + pid + additionalTag">
                        Quantidade no carrinho
                        </label>
                        <input :ref="'quantityInput-' + pid + additionalTag" class="add-to-cart-quantity form-control ct-form-input text-center" inputmode="numeric" :class="{'is-invalid': isInvalid}" :data-pid="pid + additionalTag" :name="'quantity-' + pid + additionalTag" type="text" aria-label="Insira a quantidade" title="" v-model="displayValue" @change="updateQuantity" @focus="updateQtyFormat" @blur="restoreQtyFormat" :disabled="!isPriceAvailable">
                        <span class="quantity-icon quantity-icon--minus">
                        <button class="decrease-quantity-btn" @click="updateQuantity" :disabled="!isPriceAvailable" role="button" aria-label="Reduzir quantidade">
                        <i class="css-math-minus"></i>
                        </button>
                        </span>
                        <span class="quantity-icon quantity-icon--plus">
                        <button class="increase-quantity-btn" @click="updateQuantity" :disabled="isMaxQtyReached || !isPriceAvailable" role="button" aria-label="Aumentar quantidade">
                        <i class="css-math-plus"></i>
                        </button>
                        <span class="quantity-btn-disabled-placeholder"></span>
                        </span>
                        <template v-if="isPDP">
                        <span class="quantity-error ct-span-error text-sm-center product-max-allocation" v-if="isMaxQtyReached">
                        Quantidade máxima atingida
                        </span>
                        <span class="quantity-error ct-span-product text-sm-center product-allocation" v-if="!isMinQtyReached &amp;&amp; !isMaxQtyReached">
                        {{quantitySelected}} no carrinho
                        </span>
                        <span class="quantity-error ct-span-error text-sm-center product-min-allocation" :data-pid="pid" v-if="isMinQtyReached &amp;&amp; !isMaxQtyReached">
                        Quantidade mínima atingida
                        </span>
                        </template>
                        </div>
                        <template v-if="showNotes">
                        <div class="add-note-link-container ">
                        <div class="add-note">
                        <a href="/produto/atum-posta-em-azeite-bom-petisco-2533075.html?showNote=true" class="ct-add-note-redirect-pdp" aria-label="Adicionar comentário">
                        <span class="svg-wrapper svg-icon-notes" style="width:19px; height:20px">
                        <svg class="svg-inline icon-notes" viewBox="0 0 28 30" xmlns="http://www.w3.org/2000/svg" width="100%" height="100%"><path d="M21.738 0C22.985 0 24 1.04 24 2.319V12.47c0 .469-.37.848-.828.848-.457 0-.827-.38-.827-.848V2.32c0-.343-.273-.622-.607-.622H2.262c-.334 0-.607.279-.607.622V27.68c0 .343.273.622.607.622h7.81c.457 0 .827.38.827.849 0 .468-.37.848-.827.848h-7.81C1.015 30 0 28.96 0 27.681V2.32C0 1.04 1.015 0 2.262 0h19.476zm2.844 16.004l.227.007c.823.053 1.589.39 2.176.964.64.627.993 1.46.993 2.349 0 .888-.353 1.722-.993 2.348l-6.83 6.665c-.11.108-.247.186-.397.226l-5.032 1.363c-.078.021-.16.032-.241.032-.242 0-.478-.097-.647-.266-.23-.231-.314-.566-.218-.874l1.49-4.798c.044-.139.122-.266.227-.369l6.844-6.677c.64-.625 1.493-.97 2.401-.97zm-2.886 3.94l-4.922 4.802-.947 3.048 3.22-.872 4.897-4.78-2.248-2.197zm2.887-2.174c-.425 0-.824.162-1.124.455l-.484.472 2.248 2.197.484-.472c.62-.606.62-1.591 0-2.197l-.117-.104c-.283-.227-.636-.35-1.007-.35zm-10.839.022c.498 0 .904.396.904.883 0 .488-.406.884-.904.884H5.946c-.499 0-.904-.396-.904-.884 0-.487.405-.883.904-.883zm5.042-4.876c.498 0 .904.397.904.884s-.406.884-.904.884H5.946c-.499 0-.904-.397-.904-.884s.405-.884.904-.884zm0-4.875c.498 0 .904.396.904.884 0 .487-.406.883-.904.883H5.946c-.499 0-.904-.396-.904-.883 0-.488.405-.884.904-.884z" fill="#EB0203" fill-rule="evenodd"></path></svg>
                        </span>
                        <div class="available-note d-none"></div>
                        </a>
                        </div>
                        </div>
                        </template>
                        <div class="measurement-unit-section" v-if="isPriceAvailable &amp;&amp; prodUnits ? prodUnits.hasAlternativeUnit : false">
                        <div class="ct-form-radio" @click="setDimension">
                        <input type="radio" title="" class="ct-form-check-input product-measurement-unit" :data-type="prodUnits.selectedUnit == prodUnits.secondaryUnit ? 'primary' : ''" :id="prodUnits.secondaryUnit + '-' + pid + '-measurement-unit-ptile' + additionalTag" :name="'measurement-unit-' + pid + '-ptile' + additionalTag" :value="prodUnits.secondaryUnit" v-model="prodUnits.selectedUnit">
                        <label :class="prodUnits.secondaryUnit + '-label ct-form-check-label mb-0'" :for="prodUnits.secondaryUnit + '-' + pid + '-measurement-unit-ptile' + additionalTag">
                        {{prodUnits.secondaryUnit}}
                        </label>
                        <span class="checkmark"></span>
                        </div>
                        <div class="ct-form-radio" @click="setDimension">
                        <input type="radio" title="" class="ct-form-check-input product-measurement-unit" :data-type="prodUnits.selectedUnit == prodUnits.primaryUnit ? 'primary' : ''" :id="prodUnits.primaryUnit + '-' + pid + '-measurement-unit-ptile' + additionalTag" :name="'measurement-unit-' + pid + '-ptile' + additionalTag" :value="prodUnits.primaryUnit" v-model="prodUnits.selectedUnit">
                        <label :class="prodUnits.primaryUnit + '-label ct-form-check-label mb-0'" :for="prodUnits.primaryUnit + '-' + pid + '-measurement-unit-ptile' + additionalTag">
                        {{prodUnits.primaryUnit}}
                        </label>
                        <span class="checkmark"></span>
                        </div>
                        </div>
                        <template v-if="!isPDP &amp;&amp; isPriceAvailable">
                        <span class="quantity-error ct-span-error product-max-allocation" v-if="isMaxQtyReached">
                        Quantidade máxima atingida
                        </span>
                        <span class="quantity-error ct-span-product product-allocation" v-if="!isMinQtyReached &amp;&amp; !isMaxQtyReached">
                        {{quantitySelected}} no carrinho
                        </span>
                        <span class="quantity-error ct-span-error product-min-allocation" :data-pid="pid" v-if="isMinQtyReached &amp;&amp; !isMaxQtyReached">
                        Quantidade mínima atingida
                        </span>
                        </template>
                        </template>
                        </div>
                        <input class="quantity-value-mask d-none" name="quantity" type="number" min="0" value="">
                        </div>
                        <button type="button" class="add-to-cart button js-add-to-cart js-add-to-cart-tile 2533075 button--primary dynamic-layout-btn" data-toggle="modal" data-target="#chooseBonusProductModal" data-pid="2533075" data-quantity-value="null" aria-label="Carrinho">
                        <span class="d-block d-sm-none">
                        <span class="svg-wrapper svg-icon-cart" style="width:20px; height:20px">
                        <svg class="svg-inline icon-cart" xmlns="http://www.w3.org/2000/svg" viewBox="0 0 500 500" width="100%" height="100%"><path fill="#EB0203" fill-rule="evenodd" d="M 485.67317,94.386311 C 476.37798,83.847129 463.09468,78.03348 448.30404,78.03348 H 90.690813 L 87.079511,51.327997 C 83.185582,22.539551 62.962285,0 41.011841,0 H 14.727836 C 6.563151,0 0,6.5286975 0,14.580758 c 0,8.05206 6.5945535,14.580758 14.727836,14.580758 h 26.284005 c 4.710398,0 14.696435,9.855222 16.894619,26.021523 L 100.01739,368.0631 c 1.88416,13.77244 9.01256,26.70549 20.1605,36.37417 8.25889,7.15046 18.02511,11.9071 28.26237,13.89679 -4.17655,7.58572 -6.53175,16.25957 -6.53175,25.493 0,29.53459 24.27424,53.59751 54.13815,53.59751 29.8325,0 54.13814,-24.03184 54.13814,-53.59751 0,-8.79818 -2.19818,-17.09897 -5.9979,-24.43598 h 77.12488 c -3.79973,7.33701 -5.96652,15.6378 -5.96652,24.43598 0,29.53459 24.27424,53.59751 54.13817,53.59751 29.83249,0 54.13814,-24.03184 54.13814,-53.59751 0,-8.79818 -2.1982,-17.09897 -5.9979,-24.43598 h 38.56243 c 8.13328,0 14.72783,-6.5287 14.72783,-14.61183 0,-8.02098 -6.59455,-14.54967 -14.72783,-14.54967 H 159.24277 c -14.38241,0 -28.13677,-11.90711 -30.02092,-26.02153 l -3.07746,-22.88154 h 290.6314 c 14.03698,0 27.94834,-5.28513 39.06488,-14.95381 11.11652,-9.6376 18.27632,-22.57065 20.16048,-36.37417 l 21.10259,-156.78201 c 1.94694,-14.51858 -2.10398,-28.29103 -11.43057,-38.861299 z M 220.76053,443.82706 c 0,13.49265 -11.08513,24.46709 -24.68247,24.46709 -13.62874,0 -24.71387,-10.97444 -24.71387,-24.46709 0,-13.49262 11.08513,-24.43598 24.71387,-24.43598 13.59734,0 24.68247,10.94336 24.68247,24.43598 z m 173.43675,0 c 0,13.49265 -11.08512,24.46709 -24.68245,24.46709 -13.62876,0 -24.71388,-10.97444 -24.71388,-24.46709 0,-13.49262 11.08512,-24.43598 24.71388,-24.43598 13.59733,0 24.68245,10.94336 24.68245,24.43598 z m 73.7648,-314.46558 -21.13397,156.782 c -1.88416,14.11442 -15.63851,26.05261 -30.02091,26.05261 H 122.25046 L 94.616142,107.19499 H 448.33544 c 6.18632,0 11.61896,2.2695 15.23028,6.37326 3.64269,4.13484 5.21283,9.73086 4.39636,15.79323 z"></path></svg>
                        </span>
                        </span>
                        <span class="add-to-cart--text d-none d-sm-block">Carrinho</span>
                        </button>
                        </div>
                        </div>
                        </div>
                        </div>
                        
                        <div class="col-12 d-sm-none">
                        </div>
                        </div>
                        </div>
                        </div>
                        </div>
                        <div class="col-12 col-sm-3 col-lg-2 productTile" data-idx="18">
                        
                        <script type="text/javascript">//<!--
                        /* <![CDATA[ */
                        (function(){
                        try {
                            if(window.CQuotient) {
                            var cq_params = {};
                            
                            cq_params.cookieId = window.CQuotient.getCQCookieId();
                            cq_params.userId = window.CQuotient.getCQUserId();
                            cq_params.emailId = CQuotient.getCQHashedEmail();
                            cq_params.loginId = CQuotient.getCQHashedLogin();
                            cq_params.accumulate = true;
                            cq_params.products = [{
                                id: '5038799',
                                sku: ''
                            }];
                            cq_params.categoryId = 'mercearias';
                            cq_params.refinements = '[{\"name\":\"priceMin\",\"value\":\"0.01\"},{\"name\":\"priceMax\",\"value\":\"null\"},{\"name\":\"curr\",\"value\":\"EUR\"},{\"name\":\"Category\",\"value\":\"mercearias\"}]';
                            cq_params.personalized = 'false';
                            cq_params.sortingRule = 'FOOD_Mercearia';
                            cq_params.imageUUID = '__UNDEFINED__';
                            cq_params.realm = "BDVS";
                            cq_params.siteId = "continente";
                            cq_params.instanceType = "prd";
                            cq_params.queryLocale = "default";
                            cq_params.locale = window.CQuotient.locale;
                            
                            if(window.CQuotient.sendActivity)
                                window.CQuotient.sendActivity(CQuotient.clientId, 'viewCategory', cq_params);
                            else
                                window.CQuotient.activities.push({
                                    activityType: 'viewCategory',
                                    parameters: cq_params
                                });
                          }
                        } catch(err) {}
                        })();
                        /* ]]> */
                        // -->
                        </script>
                        <script type="text/javascript">//<!--
                        /* <![CDATA[ (viewCategoryProduct-active_data.js) */
                        (function(){
                        try {
                            if (dw.ac) {
                                var search_params = {};
                                search_params.persd = 'false';
                                search_params.refs = '[{\"name\":\"priceMin\",\"value\":\"0.01\"},{\"name\":\"priceMax\",\"value\":\"null\"},{\"name\":\"curr\",\"value\":\"EUR\"},{\"name\":\"Category\",\"value\":\"mercearias\"}]';
                                search_params.sort = 'FOOD_Mercearia';
                                search_params.imageUUID = '';
                                search_params.searchID = 'afeeff71-841d-471a-a4b6-1885a5ac2689';
                                search_params.locale = 'default';
                                search_params.queryLocale = 'default';
                                search_params.showProducts = 'true';
                                dw.ac.applyContext({category: "mercearias", searchData: search_params});
                                if (typeof dw.ac._scheduleDataSubmission === "function") {
                                    dw.ac._scheduleDataSubmission();
                                }
                            }
                        } catch(err) {}
                        })();
                        /* ]]> */
                        // -->
                        </script>
                        <script type="text/javascript">//<!--
                        /* <![CDATA[ (viewProduct-active_data.js) */
                        dw.ac._capture({id: "5038799", type: "searchhit"});
                        /* ]]> */
                        // -->
                        </script>
                        <div class="product" data-pid="5038799">
                        <div class="product-tile pid-5038799 ct-product-tile data-layer-pushed" data-delay-time="3000" data-variants-mapping="[]" data-in-cart-msg="no carrinho" data-one-product-added="Adicionado ao carrinho" data-remove-from-cart-msg="Removido do carrinho" data-stay-open="6000.0" data-product-tile-impression="{&quot;name&quot;:&quot;5038799&quot;,&quot;id&quot;:&quot;5038799&quot;,&quot;price&quot;:1.49,&quot;brand&quot;:&quot;Continente&quot;,&quot;category&quot;:[{&quot;category_level_1&quot;:&quot;Mercearia&quot;},{&quot;category_level_2&quot;:&quot;Açúcar e Sobremesas&quot;},{&quot;category_level_3&quot;:&quot;Açúcar e Adoçante&quot;}],&quot;variant&quot;:&quot;&quot;}">
                        <div class="ct-inner-tile-wrap row no-gutters justify-content-center align-content-start">
                        
                        <div class="ct-image-container col-4 col-sm" data-confirmation-image="{&quot;url&quot;:&quot;https://www.continente.pt/dw/image/v2/BDVS_PRD/on/demandware.static/-/Sites-col-master-catalog/default/dw52fd4a99/images/col/503/5038799-frente.jpg?sw=87&amp;sh=80&quot;,&quot;fallbackimage&quot;:{&quot;url&quot;:&quot;https://www.continente.pt/dw/image/v2/BDVS_PRD/on/demandware.static/Sites-continente-Site/-/default/dw7c42b4da/images/noimagelarge_product.png?sw=87&amp;sh=80&quot;,&quot;title&quot;:&quot;Açúcar Branco&quot;,&quot;alt&quot;:&quot;Açúcar Branco&quot;},&quot;title&quot;:&quot;Açúcar Branco&quot;,&quot;alt&quot;:&quot;Açúcar Branco&quot;}">
                        <a href="https://www.continente.pt/produto/acucar-branco-continente-5038799.html?cgid=mercearias">
                        <picture class="intrinsic intrinsic--square">
                        <img class="ct-tile-image lazyloaded" loading="lazy" onerror="this.onerror=null;this.src='/on/demandware.static/Sites-continente-Site/-/default/dw7c42b4da/images/noimagelarge_product.png';" data-src="https://www.continente.pt/dw/image/v2/BDVS_PRD/on/demandware.static/-/Sites-col-master-catalog/default/dw52fd4a99/images/col/503/5038799-frente.jpg?sw=280&amp;sh=280" alt="Açúcar Branco" title="Açúcar Branco" src="https://www.continente.pt/dw/image/v2/BDVS_PRD/on/demandware.static/-/Sites-col-master-catalog/default/dw52fd4a99/images/col/503/5038799-frente.jpg?sw=280&amp;sh=280">
                        </picture>
                        </a>
                        <div class="color-swatches d-flex" style="margin-left: 5px;">
                        <div class="swatches d-flex">
                        </div>
                        </div>
                        </div>
                        <div class="ct-tile-body col col-sm-auto ">
                        <div class="ct-pdp-details">
                        <div class="ct-pdp-link">
                        <a class="ct-tile--description" href="https://www.continente.pt/produto/acucar-branco-continente-5038799.html?cgid=mercearias">Açúcar Branco</a>
                        <div class="ct-tile--favorite-top d-sm-none">
                        <button class="wishlist-toggler guest-mode inactive button button--tertiary" data-pid="5038799" data-add-url="https://www.continente.pt/on/demandware.store/Sites-continente-Site/default/Wishlist-AddProduct?pid=5038799" data-toggle="tooltip" aria-label="Adicionar aos favoritos " data-original-title="Adicionar aos favoritos" data-placement="top">
                        <svg class="active-content" width="100%" height="100%" viewBox="0 0 20 22" fill="none" xmlns="http://www.w3.org/2000/svg">
                        <path fill-rule="evenodd" clip-rule="evenodd" d="M0 1.53052C0 0.685236 0.692171 0 1.54601 0H15.0736C15.9274 0 16.6196 0.685235 16.6196 1.53052V13.4064L15.8127 13.922L14.2658 14.2658L12.7189 13.4064L10.6054 14.3818C10.4994 14.2451 10.3327 14.157 10.1452 14.157H6.76329C6.4431 14.157 6.18354 14.414 6.18354 14.731C6.18354 15.0479 6.4431 15.3049 6.76329 15.3049H10.1452C10.2478 15.3049 10.3441 15.2785 10.4277 15.2322L10.3126 16.8439L13.2345 20.2793H1.54601C0.69217 20.2793 0 19.5941 0 18.7488V1.53052ZM6.18354 5.5483C6.18354 5.23132 6.4431 4.97436 6.76329 4.97436H12.3676C12.6878 4.97436 12.9473 5.23132 12.9473 5.5483C12.9473 5.86528 12.6878 6.12224 12.3676 6.12224H6.76329C6.4431 6.12224 6.18354 5.86528 6.18354 5.5483ZM6.76329 11.0961C6.4431 11.0961 6.18354 11.3531 6.18354 11.6701C6.18354 11.987 6.4431 12.244 6.76329 12.244H12.3676C12.6878 12.244 12.9473 11.987 12.9473 11.6701C12.9473 11.3531 12.6878 11.0961 12.3676 11.0961H6.76329ZM6.18354 8.60985C6.18354 8.29287 6.4431 8.03591 6.76329 8.03591H12.3676C12.6878 8.03591 12.9473 8.29287 12.9473 8.60985C12.9473 8.92684 12.6878 9.1838 12.3676 9.1838H6.76329C6.4431 9.1838 6.18354 8.92684 6.18354 8.60985ZM3.67118 5.5483C3.67118 5.23132 3.93075 4.97436 4.25093 4.97436H4.63743C4.95762 4.97436 5.21719 5.23132 5.21719 5.5483C5.21719 5.86528 4.95762 6.12224 4.63743 6.12224H4.25093C3.93075 6.12224 3.67118 5.86528 3.67118 5.5483ZM4.25093 11.0961C3.93075 11.0961 3.67118 11.3531 3.67118 11.6701C3.67118 11.987 3.93075 12.244 4.25093 12.244H4.63743C4.95762 12.244 5.21719 11.987 5.21719 11.6701C5.21719 11.3531 4.95762 11.0961 4.63743 11.0961H4.25093ZM3.67118 8.60985C3.67118 8.29287 3.93075 8.03591 4.25093 8.03591H4.63743C4.95762 8.03591 5.21719 8.29287 5.21719 8.60985C5.21719 8.92684 4.95762 9.1838 4.63743 9.1838H4.25093C3.93075 9.1838 3.67118 8.92684 3.67118 8.60985ZM4.25093 14.157C3.93075 14.157 3.67118 14.414 3.67118 14.731C3.67118 15.0479 3.93075 15.3049 4.25093 15.3049H4.63743C4.95762 15.3049 5.21719 15.0479 5.21719 14.731C5.21719 14.414 4.95762 14.157 4.63743 14.157H4.25093Z" fill="#EB0203"></path>
                        <path fill-rule="evenodd" clip-rule="evenodd" d="M14.6252 13.6363C13.4918 12.6215 11.7817 12.5264 10.6569 13.4792C9.12421 14.7764 9.34841 16.8912 10.4409 18.0122L14.0159 21.6742C14.2197 21.8832 14.4928 22 14.7822 22C15.0737 22 15.3448 21.8852 15.5486 21.6762L19.1236 18.0142C20.214 16.8933 20.4423 14.7785 18.9075 13.4792C17.7827 12.5283 16.0724 12.6217 14.9391 13.6365C14.8855 13.6845 14.8331 13.7345 14.7822 13.7866C14.7313 13.7345 14.6789 13.6843 14.6252 13.6363ZM18.1546 14.3522C19.0973 15.1508 18.9962 16.4896 18.2891 17.2173C18.2888 17.2175 18.2886 17.2177 18.2884 17.218L14.7832 20.8084L11.2753 17.2151C11.2752 17.215 11.2751 17.2149 11.2749 17.2148C10.5677 16.4887 10.4678 15.1495 11.4104 14.3518L11.4108 14.3514C12.0745 13.7892 13.2018 13.82 13.9488 14.5846L14.7822 15.4378L15.6157 14.5846C16.3617 13.8211 17.4896 13.79 18.1545 14.3521" fill="#EB0203"></path>
                        </svg>
                        <svg class="inactive-content" width="100%" height="100%" viewBox="0 0 20 23" fill="none" xmlns="http://www.w3.org/2000/svg">
                        <path fill-rule="evenodd" clip-rule="evenodd" d="M6.18408 5.77914C6.18408 5.46223 6.44363 5.20532 6.7638 5.20532H12.3678C12.6879 5.20532 12.9475 5.46223 12.9475 5.77914C12.9475 6.09606 12.6879 6.35297 12.3678 6.35297H6.7638C6.44363 6.35297 6.18408 6.09606 6.18408 5.77914Z" fill="#EB0203"></path>
                        <path fill-rule="evenodd" clip-rule="evenodd" d="M6.18408 11.9034C6.18408 11.5865 6.44363 11.3296 6.7638 11.3296H12.3678C12.6879 11.3296 12.9475 11.5865 12.9475 11.9034C12.9475 12.2202 12.6879 12.4771 12.3678 12.4771H6.7638C6.44363 12.4771 6.18408 12.2202 6.18408 11.9034Z" fill="#EB0203"></path>
                        <path fill-rule="evenodd" clip-rule="evenodd" d="M6.18408 8.84116C6.18408 8.52424 6.44363 8.26733 6.7638 8.26733H12.3678C12.6879 8.26733 12.9475 8.52424 12.9475 8.84116C12.9475 9.15807 12.6879 9.41498 12.3678 9.41498H6.7638C6.44363 9.41498 6.18408 9.15807 6.18408 8.84116Z" fill="#EB0203"></path>
                        <path fill-rule="evenodd" clip-rule="evenodd" d="M6.18408 14.9655C6.18408 14.6486 6.44363 14.3917 6.7638 14.3917H10.1455C10.4657 14.3917 10.7252 14.6486 10.7252 14.9655C10.7252 15.2825 10.4657 15.5394 10.1455 15.5394H6.7638C6.44363 15.5394 6.18408 15.2825 6.18408 14.9655Z" fill="#EB0203"></path>
                        <path fill-rule="evenodd" clip-rule="evenodd" d="M3.67139 5.77914C3.67139 5.46223 3.93094 5.20532 4.25111 5.20532H4.63759C4.95776 5.20532 5.21731 5.46223 5.21731 5.77914C5.21731 6.09606 4.95776 6.35297 4.63759 6.35297H4.25111C3.93094 6.35297 3.67139 6.09606 3.67139 5.77914Z" fill="#EB0203"></path>
                        <path fill-rule="evenodd" clip-rule="evenodd" d="M3.67139 11.9034C3.67139 11.5865 3.93094 11.3296 4.25111 11.3296H4.63759C4.95776 11.3296 5.21731 11.5865 5.21731 11.9034C5.21731 12.2202 4.95776 12.4771 4.63759 12.4771H4.25111C3.93094 12.4771 3.67139 12.2202 3.67139 11.9034Z" fill="#EB0203"></path>
                        <path fill-rule="evenodd" clip-rule="evenodd" d="M3.67139 8.84116C3.67139 8.52424 3.93094 8.26733 4.25111 8.26733H4.63759C4.95776 8.26733 5.21731 8.52424 5.21731 8.84116C5.21731 9.15807 4.95776 9.41498 4.63759 9.41498H4.25111C3.93094 9.41498 3.67139 9.15807 3.67139 8.84116Z" fill="#EB0203"></path>
                        <path fill-rule="evenodd" clip-rule="evenodd" d="M3.67139 14.9655C3.67139 14.6486 3.93094 14.3917 4.25111 14.3917H4.63759C4.95776 14.3917 5.21731 14.6486 5.21731 14.9655C5.21731 15.2825 4.95776 15.5394 4.63759 15.5394H4.25111C3.93094 15.5394 3.67139 15.2825 3.67139 14.9655Z" fill="#EB0203"></path>
                        <path fill-rule="evenodd" clip-rule="evenodd" d="M0 1.76033C0 0.914738 0.692131 0.229248 1.54592 0.229248H15.0727C15.9265 0.229248 16.6186 0.914738 16.6186 1.76033V11.2818C16.6186 11.5989 16.3591 11.8559 16.0389 11.8559C15.7187 11.8559 15.4592 11.5989 15.4592 11.2818V1.76033C15.4592 1.54893 15.2862 1.37756 15.0727 1.37756H1.54592C1.33247 1.37756 1.15944 1.54893 1.15944 1.76033V18.985C1.15944 19.1964 1.33247 19.3678 1.54592 19.3678H9.27551C9.59568 19.3678 9.85523 19.6249 9.85523 19.942C9.85523 20.2591 9.59568 20.5161 9.27551 20.5161H1.54592C0.692131 20.5161 0 19.8306 0 18.985V1.76033Z" fill="#EB0203"></path>
                        <path fill-rule="evenodd" clip-rule="evenodd" d="M14.6254 13.8718C13.4921 12.8567 11.7821 12.7615 10.6574 13.7147C9.12472 15.0124 9.34891 17.128 10.4413 18.2493L14.0161 21.9126C14.2199 22.1217 14.493 22.2386 14.7824 22.2386C15.0739 22.2386 15.3449 22.1238 15.5487 21.9147L19.1235 18.2514C20.2139 17.13 20.4422 15.0144 18.9075 13.7147C17.7827 12.7634 16.0726 12.8569 14.9392 13.872C14.8856 13.92 14.8333 13.9701 14.7824 14.0222C14.7314 13.97 14.6791 13.9199 14.6254 13.8718ZM18.1546 14.588C19.0972 15.3869 18.9961 16.7262 18.2891 17.4541C18.2888 17.4543 18.2886 17.4546 18.2884 17.4548L14.7834 21.0466L11.2757 17.452C11.2756 17.4519 11.2755 17.4517 11.2753 17.4516C10.5681 16.7252 10.4682 15.3856 11.4108 14.5876L11.4112 14.5872C12.0748 14.0248 13.202 14.0556 13.949 14.8205L14.7824 15.674L15.6158 14.8205C16.3618 14.0567 17.4896 14.0256 18.1545 14.5879" fill="#EB0203"></path>
                        </svg>
                        </button>
                        </div>
                        </div>
                        <p class="ct-tile--brand">Continente</p>
                        <p class="ct-tile--quantity">emb. 1 kg</p>
                        </div>
                        <div class="ct-tile-bottom row no-gutters justify-content-between">
                        <div class="ct-price-wrap col-8 col-sm-12">
                        <div class="price js-product-price">
                        <div class="prices-wrapper">
                        <span class="sales ct-tile--price-primary ">
                        <span class="value" content="1.49">
                        <span class="ct-price-formatted">
                        €1,49
                        </span>
                        
                        <span class="ct-m-unit">
                        /un
                        </span>
                        </span>
                        </span>
                        </div>
                        <div class="ct-tile--price-secondary">
                        <span class="ct-price-value">
                        €1,49
                        </span>
                        <span class="ct-m-unit">
                        /kg
                        </span>
                        </div>
                        </div>
                        </div>
                        <div class="ct-tile-buy-section d-flex justify-content-center no-gutters col-auto col-sm-12">
                        <div class="col-2 d-sm-flex d-none">
                        <button class="wishlist-toggler guest-mode inactive button button--tertiary" data-pid="5038799" data-add-url="https://www.continente.pt/on/demandware.store/Sites-continente-Site/default/Wishlist-AddProduct?pid=5038799" data-toggle="tooltip" aria-label="Adicionar aos favoritos " data-original-title="Adicionar aos favoritos" data-placement="top">
                        <svg class="active-content" width="100%" height="100%" viewBox="0 0 20 22" fill="none" xmlns="http://www.w3.org/2000/svg">
                        <path fill-rule="evenodd" clip-rule="evenodd" d="M0 1.53052C0 0.685236 0.692171 0 1.54601 0H15.0736C15.9274 0 16.6196 0.685235 16.6196 1.53052V13.4064L15.8127 13.922L14.2658 14.2658L12.7189 13.4064L10.6054 14.3818C10.4994 14.2451 10.3327 14.157 10.1452 14.157H6.76329C6.4431 14.157 6.18354 14.414 6.18354 14.731C6.18354 15.0479 6.4431 15.3049 6.76329 15.3049H10.1452C10.2478 15.3049 10.3441 15.2785 10.4277 15.2322L10.3126 16.8439L13.2345 20.2793H1.54601C0.69217 20.2793 0 19.5941 0 18.7488V1.53052ZM6.18354 5.5483C6.18354 5.23132 6.4431 4.97436 6.76329 4.97436H12.3676C12.6878 4.97436 12.9473 5.23132 12.9473 5.5483C12.9473 5.86528 12.6878 6.12224 12.3676 6.12224H6.76329C6.4431 6.12224 6.18354 5.86528 6.18354 5.5483ZM6.76329 11.0961C6.4431 11.0961 6.18354 11.3531 6.18354 11.6701C6.18354 11.987 6.4431 12.244 6.76329 12.244H12.3676C12.6878 12.244 12.9473 11.987 12.9473 11.6701C12.9473 11.3531 12.6878 11.0961 12.3676 11.0961H6.76329ZM6.18354 8.60985C6.18354 8.29287 6.4431 8.03591 6.76329 8.03591H12.3676C12.6878 8.03591 12.9473 8.29287 12.9473 8.60985C12.9473 8.92684 12.6878 9.1838 12.3676 9.1838H6.76329C6.4431 9.1838 6.18354 8.92684 6.18354 8.60985ZM3.67118 5.5483C3.67118 5.23132 3.93075 4.97436 4.25093 4.97436H4.63743C4.95762 4.97436 5.21719 5.23132 5.21719 5.5483C5.21719 5.86528 4.95762 6.12224 4.63743 6.12224H4.25093C3.93075 6.12224 3.67118 5.86528 3.67118 5.5483ZM4.25093 11.0961C3.93075 11.0961 3.67118 11.3531 3.67118 11.6701C3.67118 11.987 3.93075 12.244 4.25093 12.244H4.63743C4.95762 12.244 5.21719 11.987 5.21719 11.6701C5.21719 11.3531 4.95762 11.0961 4.63743 11.0961H4.25093ZM3.67118 8.60985C3.67118 8.29287 3.93075 8.03591 4.25093 8.03591H4.63743C4.95762 8.03591 5.21719 8.29287 5.21719 8.60985C5.21719 8.92684 4.95762 9.1838 4.63743 9.1838H4.25093C3.93075 9.1838 3.67118 8.92684 3.67118 8.60985ZM4.25093 14.157C3.93075 14.157 3.67118 14.414 3.67118 14.731C3.67118 15.0479 3.93075 15.3049 4.25093 15.3049H4.63743C4.95762 15.3049 5.21719 15.0479 5.21719 14.731C5.21719 14.414 4.95762 14.157 4.63743 14.157H4.25093Z" fill="#EB0203"></path>
                        <path fill-rule="evenodd" clip-rule="evenodd" d="M14.6252 13.6363C13.4918 12.6215 11.7817 12.5264 10.6569 13.4792C9.12421 14.7764 9.34841 16.8912 10.4409 18.0122L14.0159 21.6742C14.2197 21.8832 14.4928 22 14.7822 22C15.0737 22 15.3448 21.8852 15.5486 21.6762L19.1236 18.0142C20.214 16.8933 20.4423 14.7785 18.9075 13.4792C17.7827 12.5283 16.0724 12.6217 14.9391 13.6365C14.8855 13.6845 14.8331 13.7345 14.7822 13.7866C14.7313 13.7345 14.6789 13.6843 14.6252 13.6363ZM18.1546 14.3522C19.0973 15.1508 18.9962 16.4896 18.2891 17.2173C18.2888 17.2175 18.2886 17.2177 18.2884 17.218L14.7832 20.8084L11.2753 17.2151C11.2752 17.215 11.2751 17.2149 11.2749 17.2148C10.5677 16.4887 10.4678 15.1495 11.4104 14.3518L11.4108 14.3514C12.0745 13.7892 13.2018 13.82 13.9488 14.5846L14.7822 15.4378L15.6157 14.5846C16.3617 13.8211 17.4896 13.79 18.1545 14.3521" fill="#EB0203"></path>
                        </svg>
                        <svg class="inactive-content" width="100%" height="100%" viewBox="0 0 20 23" fill="none" xmlns="http://www.w3.org/2000/svg">
                        <path fill-rule="evenodd" clip-rule="evenodd" d="M6.18408 5.77914C6.18408 5.46223 6.44363 5.20532 6.7638 5.20532H12.3678C12.6879 5.20532 12.9475 5.46223 12.9475 5.77914C12.9475 6.09606 12.6879 6.35297 12.3678 6.35297H6.7638C6.44363 6.35297 6.18408 6.09606 6.18408 5.77914Z" fill="#EB0203"></path>
                        <path fill-rule="evenodd" clip-rule="evenodd" d="M6.18408 11.9034C6.18408 11.5865 6.44363 11.3296 6.7638 11.3296H12.3678C12.6879 11.3296 12.9475 11.5865 12.9475 11.9034C12.9475 12.2202 12.6879 12.4771 12.3678 12.4771H6.7638C6.44363 12.4771 6.18408 12.2202 6.18408 11.9034Z" fill="#EB0203"></path>
                        <path fill-rule="evenodd" clip-rule="evenodd" d="M6.18408 8.84116C6.18408 8.52424 6.44363 8.26733 6.7638 8.26733H12.3678C12.6879 8.26733 12.9475 8.52424 12.9475 8.84116C12.9475 9.15807 12.6879 9.41498 12.3678 9.41498H6.7638C6.44363 9.41498 6.18408 9.15807 6.18408 8.84116Z" fill="#EB0203"></path>
                        <path fill-rule="evenodd" clip-rule="evenodd" d="M6.18408 14.9655C6.18408 14.6486 6.44363 14.3917 6.7638 14.3917H10.1455C10.4657 14.3917 10.7252 14.6486 10.7252 14.9655C10.7252 15.2825 10.4657 15.5394 10.1455 15.5394H6.7638C6.44363 15.5394 6.18408 15.2825 6.18408 14.9655Z" fill="#EB0203"></path>
                        <path fill-rule="evenodd" clip-rule="evenodd" d="M3.67139 5.77914C3.67139 5.46223 3.93094 5.20532 4.25111 5.20532H4.63759C4.95776 5.20532 5.21731 5.46223 5.21731 5.77914C5.21731 6.09606 4.95776 6.35297 4.63759 6.35297H4.25111C3.93094 6.35297 3.67139 6.09606 3.67139 5.77914Z" fill="#EB0203"></path>
                        <path fill-rule="evenodd" clip-rule="evenodd" d="M3.67139 11.9034C3.67139 11.5865 3.93094 11.3296 4.25111 11.3296H4.63759C4.95776 11.3296 5.21731 11.5865 5.21731 11.9034C5.21731 12.2202 4.95776 12.4771 4.63759 12.4771H4.25111C3.93094 12.4771 3.67139 12.2202 3.67139 11.9034Z" fill="#EB0203"></path>
                        <path fill-rule="evenodd" clip-rule="evenodd" d="M3.67139 8.84116C3.67139 8.52424 3.93094 8.26733 4.25111 8.26733H4.63759C4.95776 8.26733 5.21731 8.52424 5.21731 8.84116C5.21731 9.15807 4.95776 9.41498 4.63759 9.41498H4.25111C3.93094 9.41498 3.67139 9.15807 3.67139 8.84116Z" fill="#EB0203"></path>
                        <path fill-rule="evenodd" clip-rule="evenodd" d="M3.67139 14.9655C3.67139 14.6486 3.93094 14.3917 4.25111 14.3917H4.63759C4.95776 14.3917 5.21731 14.6486 5.21731 14.9655C5.21731 15.2825 4.95776 15.5394 4.63759 15.5394H4.25111C3.93094 15.5394 3.67139 15.2825 3.67139 14.9655Z" fill="#EB0203"></path>
                        <path fill-rule="evenodd" clip-rule="evenodd" d="M0 1.76033C0 0.914738 0.692131 0.229248 1.54592 0.229248H15.0727C15.9265 0.229248 16.6186 0.914738 16.6186 1.76033V11.2818C16.6186 11.5989 16.3591 11.8559 16.0389 11.8559C15.7187 11.8559 15.4592 11.5989 15.4592 11.2818V1.76033C15.4592 1.54893 15.2862 1.37756 15.0727 1.37756H1.54592C1.33247 1.37756 1.15944 1.54893 1.15944 1.76033V18.985C1.15944 19.1964 1.33247 19.3678 1.54592 19.3678H9.27551C9.59568 19.3678 9.85523 19.6249 9.85523 19.942C9.85523 20.2591 9.59568 20.5161 9.27551 20.5161H1.54592C0.692131 20.5161 0 19.8306 0 18.985V1.76033Z" fill="#EB0203"></path>
                        <path fill-rule="evenodd" clip-rule="evenodd" d="M14.6254 13.8718C13.4921 12.8567 11.7821 12.7615 10.6574 13.7147C9.12472 15.0124 9.34891 17.128 10.4413 18.2493L14.0161 21.9126C14.2199 22.1217 14.493 22.2386 14.7824 22.2386C15.0739 22.2386 15.3449 22.1238 15.5487 21.9147L19.1235 18.2514C20.2139 17.13 20.4422 15.0144 18.9075 13.7147C17.7827 12.7634 16.0726 12.8569 14.9392 13.872C14.8856 13.92 14.8333 13.9701 14.7824 14.0222C14.7314 13.97 14.6791 13.9199 14.6254 13.8718ZM18.1546 14.588C19.0972 15.3869 18.9961 16.7262 18.2891 17.4541C18.2888 17.4543 18.2886 17.4546 18.2884 17.4548L14.7834 21.0466L11.2757 17.452C11.2756 17.4519 11.2755 17.4517 11.2753 17.4516C10.5681 16.7252 10.4682 15.3856 11.4108 14.5876L11.4112 14.5872C12.0748 14.0248 13.202 14.0556 13.949 14.8205L14.7824 15.674L15.6158 14.8205C16.3618 14.0567 17.4896 14.0256 18.1545 14.5879" fill="#EB0203"></path>
                        </svg>
                        </button>
                        </div>
                        <div class="col-sm-10 col-12">
                        <div class="ct-tile-quantity d-none" data-pid="5038799">
                        <input type="hidden" class="add-to-cart-url" value="https://www.continente.pt/on/demandware.store/Sites-continente-Site/default/Cart-AddProduct">
                        <div class="d-none tile-delete-confirmation-btn" data-pid="5038799" data-delay-time="3000" data-in-cart-msg="no carrinho" data-one-product-added="Adicionado ao carrinho" data-remove-from-cart-msg="Removido do carrinho" data-stay-open="6000.0" data-confirmation-image="{&quot;url&quot;:&quot;https://www.continente.pt/dw/image/v2/BDVS_PRD/on/demandware.static/-/Sites-col-master-catalog/default/dw52fd4a99/images/col/503/5038799-frente.jpg?sw=87&amp;sh=80&quot;,&quot;fallbackimage&quot;:{&quot;url&quot;:&quot;https://www.continente.pt/dw/image/v2/BDVS_PRD/on/demandware.static/Sites-continente-Site/-/default/dw7c42b4da/images/noimagelarge_product.png?sw=87&amp;sh=80&quot;,&quot;title&quot;:&quot;Açúcar Branco&quot;,&quot;alt&quot;:&quot;Açúcar Branco&quot;},&quot;title&quot;:&quot;Açúcar Branco&quot;,&quot;alt&quot;:&quot;Açúcar Branco&quot;}"></div>
                        <div class="ct-tile-quantity-update quantity-update product-qty-vue" data-remove-action="https://www.continente.pt/on/demandware.store/Sites-continente-Site/default/Cart-RemoveProductLineItem" data-action="https://www.continente.pt/on/demandware.store/Sites-continente-Site/default/Cart-UpdateQuantity" data-dimension-update="https://www.continente.pt/on/demandware.store/Sites-continente-Site/default/Cart-DimensionUpdate" data-pid="5038799" data-uuid="46080722a0ad51de26ff119dc2" data-add-delay="500.0" data-measure-options="{&quot;hasConversionRate&quot;:false,&quot;hasAlternativeSaleUnit&quot;:false,&quot;unitConversionRate&quot;:0,&quot;minOrderQuantity&quot;:1,&quot;stepQuantity&quot;:1,&quot;primaryunit&quot;:&quot;un&quot;,&quot;secondaryunit&quot;:&quot;kg&quot;,&quot;selectedunit&quot;:&quot;primary&quot;,&quot;maxNumberOfUnitsPerSale&quot;:50}" data-price-available="null" :data-has-error="isMaxQtyReached || isMinQtyReached || qtySelectedMoreThanOne">
                        <template v-show="prodUnits">
                        <div class="quantity-input-wrapper has-units">
                        <label class="visually-hidden" :for="'quantity-' + pid + additionalTag">
                        Quantidade no carrinho
                        </label>
                        <input :ref="'quantityInput-' + pid + additionalTag" class="add-to-cart-quantity form-control ct-form-input text-center" inputmode="numeric" :class="{'is-invalid': isInvalid}" :data-pid="pid + additionalTag" :name="'quantity-' + pid + additionalTag" type="text" aria-label="Insira a quantidade" title="" v-model="displayValue" @change="updateQuantity" @focus="updateQtyFormat" @blur="restoreQtyFormat" :disabled="!isPriceAvailable">
                        <span class="quantity-icon quantity-icon--minus">
                        <button class="decrease-quantity-btn" @click="updateQuantity" :disabled="!isPriceAvailable" role="button" aria-label="Reduzir quantidade">
                        <i class="css-math-minus"></i>
                        </button>
                        </span>
                        <span class="quantity-icon quantity-icon--plus">
                        <button class="increase-quantity-btn" @click="updateQuantity" :disabled="isMaxQtyReached || !isPriceAvailable" role="button" aria-label="Aumentar quantidade">
                         <i class="css-math-plus"></i>
                        </button>
                        <span class="quantity-btn-disabled-placeholder"></span>
                        </span>
                        <template v-if="isPDP">
                        <span class="quantity-error ct-span-error text-sm-center product-max-allocation" v-if="isMaxQtyReached">
                        Quantidade máxima atingida
                        </span>
                        <span class="quantity-error ct-span-product text-sm-center product-allocation" v-if="!isMinQtyReached &amp;&amp; !isMaxQtyReached">
                        {{quantitySelected}} no carrinho
                        </span>
                        <span class="quantity-error ct-span-error text-sm-center product-min-allocation" :data-pid="pid" v-if="isMinQtyReached &amp;&amp; !isMaxQtyReached">
                        Quantidade mínima atingida
                        </span>
                        </template>
                        </div>
                        <template v-if="showNotes">
                        <div class="add-note-link-container ">
                        <div class="add-note">
                        <a href="/produto/acucar-branco-continente-5038799.html?showNote=true" class="ct-add-note-redirect-pdp" aria-label="Adicionar comentário">
                        <span class="svg-wrapper svg-icon-notes" style="width:19px; height:20px">
                        <svg class="svg-inline icon-notes" viewBox="0 0 28 30" xmlns="http://www.w3.org/2000/svg" width="100%" height="100%"><path d="M21.738 0C22.985 0 24 1.04 24 2.319V12.47c0 .469-.37.848-.828.848-.457 0-.827-.38-.827-.848V2.32c0-.343-.273-.622-.607-.622H2.262c-.334 0-.607.279-.607.622V27.68c0 .343.273.622.607.622h7.81c.457 0 .827.38.827.849 0 .468-.37.848-.827.848h-7.81C1.015 30 0 28.96 0 27.681V2.32C0 1.04 1.015 0 2.262 0h19.476zm2.844 16.004l.227.007c.823.053 1.589.39 2.176.964.64.627.993 1.46.993 2.349 0 .888-.353 1.722-.993 2.348l-6.83 6.665c-.11.108-.247.186-.397.226l-5.032 1.363c-.078.021-.16.032-.241.032-.242 0-.478-.097-.647-.266-.23-.231-.314-.566-.218-.874l1.49-4.798c.044-.139.122-.266.227-.369l6.844-6.677c.64-.625 1.493-.97 2.401-.97zm-2.886 3.94l-4.922 4.802-.947 3.048 3.22-.872 4.897-4.78-2.248-2.197zm2.887-2.174c-.425 0-.824.162-1.124.455l-.484.472 2.248 2.197.484-.472c.62-.606.62-1.591 0-2.197l-.117-.104c-.283-.227-.636-.35-1.007-.35zm-10.839.022c.498 0 .904.396.904.883 0 .488-.406.884-.904.884H5.946c-.499 0-.904-.396-.904-.884 0-.487.405-.883.904-.883zm5.042-4.876c.498 0 .904.397.904.884s-.406.884-.904.884H5.946c-.499 0-.904-.397-.904-.884s.405-.884.904-.884zm0-4.875c.498 0 .904.396.904.884 0 .487-.406.883-.904.883H5.946c-.499 0-.904-.396-.904-.883 0-.488.405-.884.904-.884z" fill="#EB0203" fill-rule="evenodd"></path></svg>
                        </span>
                        <div class="available-note d-none"></div>
                        </a>
                        </div>
                        </div>
                        </template>
                        <div class="measurement-unit-section" v-if="isPriceAvailable &amp;&amp; prodUnits ? prodUnits.hasAlternativeUnit : false">
                        <div class="ct-form-radio" @click="setDimension">
                        <input type="radio" title="" class="ct-form-check-input product-measurement-unit" :data-type="prodUnits.selectedUnit == prodUnits.secondaryUnit ? 'primary' : ''" :id="prodUnits.secondaryUnit + '-' + pid + '-measurement-unit-ptile' + additionalTag" :name="'measurement-unit-' + pid + '-ptile' + additionalTag" :value="prodUnits.secondaryUnit" v-model="prodUnits.selectedUnit">
                        <label :class="prodUnits.secondaryUnit + '-label ct-form-check-label mb-0'" :for="prodUnits.secondaryUnit + '-' + pid + '-measurement-unit-ptile' + additionalTag">
                        {{prodUnits.secondaryUnit}}
                        </label>
                        <span class="checkmark"></span>
                        </div>
                        <div class="ct-form-radio" @click="setDimension">
                        <input type="radio" title="" class="ct-form-check-input product-measurement-unit" :data-type="prodUnits.selectedUnit == prodUnits.primaryUnit ? 'primary' : ''" :id="prodUnits.primaryUnit + '-' + pid + '-measurement-unit-ptile' + additionalTag" :name="'measurement-unit-' + pid + '-ptile' + additionalTag" :value="prodUnits.primaryUnit" v-model="prodUnits.selectedUnit">
                        <label :class="prodUnits.primaryUnit + '-label ct-form-check-label mb-0'" :for="prodUnits.primaryUnit + '-' + pid + '-measurement-unit-ptile' + additionalTag">
                        {{prodUnits.primaryUnit}}
                        </label>
                        <span class="checkmark"></span>
                        </div>
                        </div>
                        <template v-if="!isPDP &amp;&amp; isPriceAvailable">
                        <span class="quantity-error ct-span-error product-max-allocation" v-if="isMaxQtyReached">
                        Quantidade máxima atingida
                        </span>
                        <span class="quantity-error ct-span-product product-allocation" v-if="!isMinQtyReached &amp;&amp; !isMaxQtyReached">
                        {{quantitySelected}} no carrinho
                        </span>
                        <span class="quantity-error ct-span-error product-min-allocation" :data-pid="pid" v-if="isMinQtyReached &amp;&amp; !isMaxQtyReached">
                        Quantidade mínima atingida
                        </span>
                        </template>
                        </template>
                        </div>
                        <input class="quantity-value-mask d-none" name="quantity" type="number" min="0" value="">
                        </div>
                        <button type="button" class="add-to-cart button js-add-to-cart js-add-to-cart-tile 5038799 button--primary dynamic-layout-btn" data-toggle="modal" data-target="#chooseBonusProductModal" data-pid="5038799" data-quantity-value="null" aria-label="Carrinho">
                        <span class="d-block d-sm-none">
                        <span class="svg-wrapper svg-icon-cart" style="width:20px; height:20px">
                        <svg class="svg-inline icon-cart" xmlns="http://www.w3.org/2000/svg" viewBox="0 0 500 500" width="100%" height="100%"><path fill="#EB0203" fill-rule="evenodd" d="M 485.67317,94.386311 C 476.37798,83.847129 463.09468,78.03348 448.30404,78.03348 H 90.690813 L 87.079511,51.327997 C 83.185582,22.539551 62.962285,0 41.011841,0 H 14.727836 C 6.563151,0 0,6.5286975 0,14.580758 c 0,8.05206 6.5945535,14.580758 14.727836,14.580758 h 26.284005 c 4.710398,0 14.696435,9.855222 16.894619,26.021523 L 100.01739,368.0631 c 1.88416,13.77244 9.01256,26.70549 20.1605,36.37417 8.25889,7.15046 18.02511,11.9071 28.26237,13.89679 -4.17655,7.58572 -6.53175,16.25957 -6.53175,25.493 0,29.53459 24.27424,53.59751 54.13815,53.59751 29.8325,0 54.13814,-24.03184 54.13814,-53.59751 0,-8.79818 -2.19818,-17.09897 -5.9979,-24.43598 h 77.12488 c -3.79973,7.33701 -5.96652,15.6378 -5.96652,24.43598 0,29.53459 24.27424,53.59751 54.13817,53.59751 29.83249,0 54.13814,-24.03184 54.13814,-53.59751 0,-8.79818 -2.1982,-17.09897 -5.9979,-24.43598 h 38.56243 c 8.13328,0 14.72783,-6.5287 14.72783,-14.61183 0,-8.02098 -6.59455,-14.54967 -14.72783,-14.54967 H 159.24277 c -14.38241,0 -28.13677,-11.90711 -30.02092,-26.02153 l -3.07746,-22.88154 h 290.6314 c 14.03698,0 27.94834,-5.28513 39.06488,-14.95381 11.11652,-9.6376 18.27632,-22.57065 20.16048,-36.37417 l 21.10259,-156.78201 c 1.94694,-14.51858 -2.10398,-28.29103 -11.43057,-38.861299 z M 220.76053,443.82706 c 0,13.49265 -11.08513,24.46709 -24.68247,24.46709 -13.62874,0 -24.71387,-10.97444 -24.71387,-24.46709 0,-13.49262 11.08513,-24.43598 24.71387,-24.43598 13.59734,0 24.68247,10.94336 24.68247,24.43598 z m 173.43675,0 c 0,13.49265 -11.08512,24.46709 -24.68245,24.46709 -13.62876,0 -24.71388,-10.97444 -24.71388,-24.46709 0,-13.49262 11.08512,-24.43598 24.71388,-24.43598 13.59733,0 24.68245,10.94336 24.68245,24.43598 z m 73.7648,-314.46558 -21.13397,156.782 c -1.88416,14.11442 -15.63851,26.05261 -30.02091,26.05261 H 122.25046 L 94.616142,107.19499 H 448.33544 c 6.18632,0 11.61896,2.2695 15.23028,6.37326 3.64269,4.13484 5.21283,9.73086 4.39636,15.79323 z"></path></svg>
                        </span>
                        </span>
                        <span class="add-to-cart--text d-none d-sm-block">Carrinho</span>
                        </button>
                        </div>
                        </div>
                        </div>
                        </div>
                        
                        <div class="col-12 d-sm-none">
                        </div>
                        </div>
                        </div>
                        </div>
                        </div>
                        <div class="col-12 col-sm-3 col-lg-2 productTile" data-idx="19">
                        
                        <script type="text/javascript">//<!--
                        /* <![CDATA[ */
                        (function(){
                        try {
                            if(window.CQuotient) {
                            var cq_params = {};
                            
                            cq_params.cookieId = window.CQuotient.getCQCookieId();
                            cq_params.userId = window.CQuotient.getCQUserId();
                            cq_params.emailId = CQuotient.getCQHashedEmail();
                            cq_params.loginId = CQuotient.getCQHashedLogin();
                            cq_params.accumulate = true;
                            cq_params.products = [{
                                id: '7394989',
                                sku: ''
                            }];
                            cq_params.categoryId = 'mercearias';
                            cq_params.refinements = '[{\"name\":\"priceMin\",\"value\":\"0.01\"},{\"name\":\"priceMax\",\"value\":\"null\"},{\"name\":\"curr\",\"value\":\"EUR\"},{\"name\":\"Category\",\"value\":\"mercearias\"}]';
                            cq_params.personalized = 'false';
                            cq_params.sortingRule = 'FOOD_Mercearia';
                            cq_params.imageUUID = '__UNDEFINED__';
                            cq_params.realm = "BDVS";
                            cq_params.siteId = "continente";
                            cq_params.instanceType = "prd";
                            cq_params.queryLocale = "default";
                            cq_params.locale = window.CQuotient.locale;
                            
                            if(window.CQuotient.sendActivity)
                                window.CQuotient.sendActivity(CQuotient.clientId, 'viewCategory', cq_params);
                            else
                                window.CQuotient.activities.push({
                                    activityType: 'viewCategory',
                                    parameters: cq_params
                                });
                          }
                        } catch(err) {}
                        })();
                        /* ]]> */
                        // -->
                        </script>
                        <script type="text/javascript">//<!--
                        /* <![CDATA[ (viewCategoryProduct-active_data.js) */
                        (function(){
                        try {
                            if (dw.ac) {
                                var search_params = {};
                                search_params.persd = 'false';
                                search_params.refs = '[{\"name\":\"priceMin\",\"value\":\"0.01\"},{\"name\":\"priceMax\",\"value\":\"null\"},{\"name\":\"curr\",\"value\":\"EUR\"},{\"name\":\"Category\",\"value\":\"mercearias\"}]';
                                search_params.sort = 'FOOD_Mercearia';
                                search_params.imageUUID = '';
                                search_params.searchID = 'afeeff71-841d-471a-a4b6-1885a5ac2689';
                                search_params.locale = 'default';
                                search_params.queryLocale = 'default';
                                search_params.showProducts = 'true';
                                dw.ac.applyContext({category: "mercearias", searchData: search_params});
                                if (typeof dw.ac._scheduleDataSubmission === "function") {
                                    dw.ac._scheduleDataSubmission();
                                }
                            }
                        } catch(err) {}
                        })();
                        /* ]]> */
                        // -->
                        </script>
                        <script type="text/javascript">//<!--
                        /* <![CDATA[ (viewProduct-active_data.js) */
                        dw.ac._capture({id: "7394989", type: "searchhit"});
                        /* ]]> */
                        // -->
                        </script>
                        <div class="product" data-pid="7394989">
                        <div class="product-tile pid-7394989 ct-product-tile data-layer-pushed" data-delay-time="3000" data-variants-mapping="[]" data-in-cart-msg="no carrinho" data-one-product-added="Adicionado ao carrinho" data-remove-from-cart-msg="Removido do carrinho" data-stay-open="6000.0" data-product-tile-impression="{&quot;name&quot;:&quot;7394989&quot;,&quot;id&quot;:&quot;7394989&quot;,&quot;price&quot;:21.99,&quot;brand&quot;:&quot;Delta Q&quot;,&quot;category&quot;:[{&quot;category_level_1&quot;:&quot;Mercearia&quot;},{&quot;category_level_2&quot;:&quot;Café, Chá e Chocolate Solúvel&quot;},{&quot;category_level_3&quot;:&quot;Café em Cápsulas&quot;}],&quot;variant&quot;:&quot;&quot;}">
                        <div class="ct-inner-tile-wrap row no-gutters justify-content-center align-content-start">
                        
                        <div class="ct-image-container col-4 col-sm" data-confirmation-image="{&quot;url&quot;:&quot;https://www.continente.pt/dw/image/v2/BDVS_PRD/on/demandware.static/-/Sites-col-master-catalog/default/dw51583ae4/images/col/739/7394989-frente.jpg?sw=87&amp;sh=80&quot;,&quot;fallbackimage&quot;:{&quot;url&quot;:&quot;https://www.continente.pt/dw/image/v2/BDVS_PRD/on/demandware.static/Sites-continente-Site/-/default/dw7c42b4da/images/noimagelarge_product.png?sw=87&amp;sh=80&quot;,&quot;title&quot;:&quot;Cápsulas de Café Qalidus Int 10&quot;,&quot;alt&quot;:&quot;Cápsulas de Café Qalidus Int 10&quot;},&quot;title&quot;:&quot;Cápsulas de Café Qalidus Int 10&quot;,&quot;alt&quot;:&quot;Cápsulas de Café Qalidus Int 10&quot;}">
                        <a href="https://www.continente.pt/produto/capsulas-de-cafe-qalidus-int-10-delta-q-7394989.html?cgid=mercearias">
                        <picture class="intrinsic intrinsic--square">
                        <img class="ct-tile-image lazyloaded" loading="lazy" onerror="this.onerror=null;this.src='/on/demandware.static/Sites-continente-Site/-/default/dw7c42b4da/images/noimagelarge_product.png';" data-src="https://www.continente.pt/dw/image/v2/BDVS_PRD/on/demandware.static/-/Sites-col-master-catalog/default/dw51583ae4/images/col/739/7394989-frente.jpg?sw=280&amp;sh=280" alt="Cápsulas de Café Qalidus Int 10" title="Cápsulas de Café Qalidus Int 10" src="https://www.continente.pt/dw/image/v2/BDVS_PRD/on/demandware.static/-/Sites-col-master-catalog/default/dw51583ae4/images/col/739/7394989-frente.jpg?sw=280&amp;sh=280">
                        </picture>
                        </a>
                        <div class="color-swatches d-flex" style="margin-left: 5px;">
                        <div class="swatches d-flex">
                        </div>
                        </div>
                        </div>
                        <div class="ct-tile-body col col-sm-auto ">
                        <div class="ct-pdp-details">
                        <div class="ct-pdp-link">
                        <a class="ct-tile--description" href="https://www.continente.pt/produto/capsulas-de-cafe-qalidus-int-10-delta-q-7394989.html?cgid=mercearias">Cápsulas de Café Qalidus Int 10</a>
                        <div class="ct-tile--favorite-top d-sm-none">
                        <button class="wishlist-toggler guest-mode inactive button button--tertiary" data-pid="7394989" data-add-url="https://www.continente.pt/on/demandware.store/Sites-continente-Site/default/Wishlist-AddProduct?pid=7394989" data-toggle="tooltip" aria-label="Adicionar aos favoritos " data-original-title="Adicionar aos favoritos" data-placement="top">
                        <svg class="active-content" width="100%" height="100%" viewBox="0 0 20 22" fill="none" xmlns="http://www.w3.org/2000/svg">
                        <path fill-rule="evenodd" clip-rule="evenodd" d="M0 1.53052C0 0.685236 0.692171 0 1.54601 0H15.0736C15.9274 0 16.6196 0.685235 16.6196 1.53052V13.4064L15.8127 13.922L14.2658 14.2658L12.7189 13.4064L10.6054 14.3818C10.4994 14.2451 10.3327 14.157 10.1452 14.157H6.76329C6.4431 14.157 6.18354 14.414 6.18354 14.731C6.18354 15.0479 6.4431 15.3049 6.76329 15.3049H10.1452C10.2478 15.3049 10.3441 15.2785 10.4277 15.2322L10.3126 16.8439L13.2345 20.2793H1.54601C0.69217 20.2793 0 19.5941 0 18.7488V1.53052ZM6.18354 5.5483C6.18354 5.23132 6.4431 4.97436 6.76329 4.97436H12.3676C12.6878 4.97436 12.9473 5.23132 12.9473 5.5483C12.9473 5.86528 12.6878 6.12224 12.3676 6.12224H6.76329C6.4431 6.12224 6.18354 5.86528 6.18354 5.5483ZM6.76329 11.0961C6.4431 11.0961 6.18354 11.3531 6.18354 11.6701C6.18354 11.987 6.4431 12.244 6.76329 12.244H12.3676C12.6878 12.244 12.9473 11.987 12.9473 11.6701C12.9473 11.3531 12.6878 11.0961 12.3676 11.0961H6.76329ZM6.18354 8.60985C6.18354 8.29287 6.4431 8.03591 6.76329 8.03591H12.3676C12.6878 8.03591 12.9473 8.29287 12.9473 8.60985C12.9473 8.92684 12.6878 9.1838 12.3676 9.1838H6.76329C6.4431 9.1838 6.18354 8.92684 6.18354 8.60985ZM3.67118 5.5483C3.67118 5.23132 3.93075 4.97436 4.25093 4.97436H4.63743C4.95762 4.97436 5.21719 5.23132 5.21719 5.5483C5.21719 5.86528 4.95762 6.12224 4.63743 6.12224H4.25093C3.93075 6.12224 3.67118 5.86528 3.67118 5.5483ZM4.25093 11.0961C3.93075 11.0961 3.67118 11.3531 3.67118 11.6701C3.67118 11.987 3.93075 12.244 4.25093 12.244H4.63743C4.95762 12.244 5.21719 11.987 5.21719 11.6701C5.21719 11.3531 4.95762 11.0961 4.63743 11.0961H4.25093ZM3.67118 8.60985C3.67118 8.29287 3.93075 8.03591 4.25093 8.03591H4.63743C4.95762 8.03591 5.21719 8.29287 5.21719 8.60985C5.21719 8.92684 4.95762 9.1838 4.63743 9.1838H4.25093C3.93075 9.1838 3.67118 8.92684 3.67118 8.60985ZM4.25093 14.157C3.93075 14.157 3.67118 14.414 3.67118 14.731C3.67118 15.0479 3.93075 15.3049 4.25093 15.3049H4.63743C4.95762 15.3049 5.21719 15.0479 5.21719 14.731C5.21719 14.414 4.95762 14.157 4.63743 14.157H4.25093Z" fill="#EB0203"></path>
                        <path fill-rule="evenodd" clip-rule="evenodd" d="M14.6252 13.6363C13.4918 12.6215 11.7817 12.5264 10.6569 13.4792C9.12421 14.7764 9.34841 16.8912 10.4409 18.0122L14.0159 21.6742C14.2197 21.8832 14.4928 22 14.7822 22C15.0737 22 15.3448 21.8852 15.5486 21.6762L19.1236 18.0142C20.214 16.8933 20.4423 14.7785 18.9075 13.4792C17.7827 12.5283 16.0724 12.6217 14.9391 13.6365C14.8855 13.6845 14.8331 13.7345 14.7822 13.7866C14.7313 13.7345 14.6789 13.6843 14.6252 13.6363ZM18.1546 14.3522C19.0973 15.1508 18.9962 16.4896 18.2891 17.2173C18.2888 17.2175 18.2886 17.2177 18.2884 17.218L14.7832 20.8084L11.2753 17.2151C11.2752 17.215 11.2751 17.2149 11.2749 17.2148C10.5677 16.4887 10.4678 15.1495 11.4104 14.3518L11.4108 14.3514C12.0745 13.7892 13.2018 13.82 13.9488 14.5846L14.7822 15.4378L15.6157 14.5846C16.3617 13.8211 17.4896 13.79 18.1545 14.3521" fill="#EB0203"></path>
                        </svg>
                        <svg class="inactive-content" width="100%" height="100%" viewBox="0 0 20 23" fill="none" xmlns="http://www.w3.org/2000/svg">
                        <path fill-rule="evenodd" clip-rule="evenodd" d="M6.18408 5.77914C6.18408 5.46223 6.44363 5.20532 6.7638 5.20532H12.3678C12.6879 5.20532 12.9475 5.46223 12.9475 5.77914C12.9475 6.09606 12.6879 6.35297 12.3678 6.35297H6.7638C6.44363 6.35297 6.18408 6.09606 6.18408 5.77914Z" fill="#EB0203"></path>
                        <path fill-rule="evenodd" clip-rule="evenodd" d="M6.18408 11.9034C6.18408 11.5865 6.44363 11.3296 6.7638 11.3296H12.3678C12.6879 11.3296 12.9475 11.5865 12.9475 11.9034C12.9475 12.2202 12.6879 12.4771 12.3678 12.4771H6.7638C6.44363 12.4771 6.18408 12.2202 6.18408 11.9034Z" fill="#EB0203"></path>
                        <path fill-rule="evenodd" clip-rule="evenodd" d="M6.18408 8.84116C6.18408 8.52424 6.44363 8.26733 6.7638 8.26733H12.3678C12.6879 8.26733 12.9475 8.52424 12.9475 8.84116C12.9475 9.15807 12.6879 9.41498 12.3678 9.41498H6.7638C6.44363 9.41498 6.18408 9.15807 6.18408 8.84116Z" fill="#EB0203"></path>
                        <path fill-rule="evenodd" clip-rule="evenodd" d="M6.18408 14.9655C6.18408 14.6486 6.44363 14.3917 6.7638 14.3917H10.1455C10.4657 14.3917 10.7252 14.6486 10.7252 14.9655C10.7252 15.2825 10.4657 15.5394 10.1455 15.5394H6.7638C6.44363 15.5394 6.18408 15.2825 6.18408 14.9655Z" fill="#EB0203"></path>
                        <path fill-rule="evenodd" clip-rule="evenodd" d="M3.67139 5.77914C3.67139 5.46223 3.93094 5.20532 4.25111 5.20532H4.63759C4.95776 5.20532 5.21731 5.46223 5.21731 5.77914C5.21731 6.09606 4.95776 6.35297 4.63759 6.35297H4.25111C3.93094 6.35297 3.67139 6.09606 3.67139 5.77914Z" fill="#EB0203"></path>
                        <path fill-rule="evenodd" clip-rule="evenodd" d="M3.67139 11.9034C3.67139 11.5865 3.93094 11.3296 4.25111 11.3296H4.63759C4.95776 11.3296 5.21731 11.5865 5.21731 11.9034C5.21731 12.2202 4.95776 12.4771 4.63759 12.4771H4.25111C3.93094 12.4771 3.67139 12.2202 3.67139 11.9034Z" fill="#EB0203"></path>
                        <path fill-rule="evenodd" clip-rule="evenodd" d="M3.67139 8.84116C3.67139 8.52424 3.93094 8.26733 4.25111 8.26733H4.63759C4.95776 8.26733 5.21731 8.52424 5.21731 8.84116C5.21731 9.15807 4.95776 9.41498 4.63759 9.41498H4.25111C3.93094 9.41498 3.67139 9.15807 3.67139 8.84116Z" fill="#EB0203"></path>
                        <path fill-rule="evenodd" clip-rule="evenodd" d="M3.67139 14.9655C3.67139 14.6486 3.93094 14.3917 4.25111 14.3917H4.63759C4.95776 14.3917 5.21731 14.6486 5.21731 14.9655C5.21731 15.2825 4.95776 15.5394 4.63759 15.5394H4.25111C3.93094 15.5394 3.67139 15.2825 3.67139 14.9655Z" fill="#EB0203"></path>
                        <path fill-rule="evenodd" clip-rule="evenodd" d="M0 1.76033C0 0.914738 0.692131 0.229248 1.54592 0.229248H15.0727C15.9265 0.229248 16.6186 0.914738 16.6186 1.76033V11.2818C16.6186 11.5989 16.3591 11.8559 16.0389 11.8559C15.7187 11.8559 15.4592 11.5989 15.4592 11.2818V1.76033C15.4592 1.54893 15.2862 1.37756 15.0727 1.37756H1.54592C1.33247 1.37756 1.15944 1.54893 1.15944 1.76033V18.985C1.15944 19.1964 1.33247 19.3678 1.54592 19.3678H9.27551C9.59568 19.3678 9.85523 19.6249 9.85523 19.942C9.85523 20.2591 9.59568 20.5161 9.27551 20.5161H1.54592C0.692131 20.5161 0 19.8306 0 18.985V1.76033Z" fill="#EB0203"></path>
                        <path fill-rule="evenodd" clip-rule="evenodd" d="M14.6254 13.8718C13.4921 12.8567 11.7821 12.7615 10.6574 13.7147C9.12472 15.0124 9.34891 17.128 10.4413 18.2493L14.0161 21.9126C14.2199 22.1217 14.493 22.2386 14.7824 22.2386C15.0739 22.2386 15.3449 22.1238 15.5487 21.9147L19.1235 18.2514C20.2139 17.13 20.4422 15.0144 18.9075 13.7147C17.7827 12.7634 16.0726 12.8569 14.9392 13.872C14.8856 13.92 14.8333 13.9701 14.7824 14.0222C14.7314 13.97 14.6791 13.9199 14.6254 13.8718ZM18.1546 14.588C19.0972 15.3869 18.9961 16.7262 18.2891 17.4541C18.2888 17.4543 18.2886 17.4546 18.2884 17.4548L14.7834 21.0466L11.2757 17.452C11.2756 17.4519 11.2755 17.4517 11.2753 17.4516C10.5681 16.7252 10.4682 15.3856 11.4108 14.5876L11.4112 14.5872C12.0748 14.0248 13.202 14.0556 13.949 14.8205L14.7824 15.674L15.6158 14.8205C16.3618 14.0567 17.4896 14.0256 18.1545 14.5879" fill="#EB0203"></path>
                        </svg>
                        </button>
                        </div>
                        </div>
                        <p class="ct-tile--brand">Delta Q</p>
                        <p class="ct-tile--quantity">emb. 80 un</p>
                        </div>
                        <div class="ct-tile-bottom row no-gutters justify-content-between">
                        <div class="ct-price-wrap col-8 col-sm-12">
                        <div class="price js-product-price">
                        <div class="prices-wrapper">
                        <span class="sales ct-tile--price-primary ">
                        <span class="value" content="21.99">
                        <span class="ct-price-formatted">
                        €21,99
                        </span>
                        <span class="ct-m-unit">
                        /un
                        </span>
                        </span>
                        </span>
                        </div>
                        <div class="ct-tile--price-secondary">
                        <span class="ct-price-value">
                        €0,27
                        </span>
                        <span class="ct-m-unit">
                        /un
                        </span>
                        </div>
                        </div>
                        </div>
                        <div class="ct-tile-buy-section d-flex justify-content-center no-gutters col-auto col-sm-12">
                        <div class="col-2 d-sm-flex d-none">
                        <button class="wishlist-toggler guest-mode inactive button button--tertiary" data-pid="7394989" data-add-url="https://www.continente.pt/on/demandware.store/Sites-continente-Site/default/Wishlist-AddProduct?pid=7394989" data-toggle="tooltip" aria-label="Adicionar aos favoritos " data-original-title="Adicionar aos favoritos" data-placement="top">
                        <svg class="active-content" width="100%" height="100%" viewBox="0 0 20 22" fill="none" xmlns="http://www.w3.org/2000/svg">
                        <path fill-rule="evenodd" clip-rule="evenodd" d="M0 1.53052C0 0.685236 0.692171 0 1.54601 0H15.0736C15.9274 0 16.6196 0.685235 16.6196 1.53052V13.4064L15.8127 13.922L14.2658 14.2658L12.7189 13.4064L10.6054 14.3818C10.4994 14.2451 10.3327 14.157 10.1452 14.157H6.76329C6.4431 14.157 6.18354 14.414 6.18354 14.731C6.18354 15.0479 6.4431 15.3049 6.76329 15.3049H10.1452C10.2478 15.3049 10.3441 15.2785 10.4277 15.2322L10.3126 16.8439L13.2345 20.2793H1.54601C0.69217 20.2793 0 19.5941 0 18.7488V1.53052ZM6.18354 5.5483C6.18354 5.23132 6.4431 4.97436 6.76329 4.97436H12.3676C12.6878 4.97436 12.9473 5.23132 12.9473 5.5483C12.9473 5.86528 12.6878 6.12224 12.3676 6.12224H6.76329C6.4431 6.12224 6.18354 5.86528 6.18354 5.5483ZM6.76329 11.0961C6.4431 11.0961 6.18354 11.3531 6.18354 11.6701C6.18354 11.987 6.4431 12.244 6.76329 12.244H12.3676C12.6878 12.244 12.9473 11.987 12.9473 11.6701C12.9473 11.3531 12.6878 11.0961 12.3676 11.0961H6.76329ZM6.18354 8.60985C6.18354 8.29287 6.4431 8.03591 6.76329 8.03591H12.3676C12.6878 8.03591 12.9473 8.29287 12.9473 8.60985C12.9473 8.92684 12.6878 9.1838 12.3676 9.1838H6.76329C6.4431 9.1838 6.18354 8.92684 6.18354 8.60985ZM3.67118 5.5483C3.67118 5.23132 3.93075 4.97436 4.25093 4.97436H4.63743C4.95762 4.97436 5.21719 5.23132 5.21719 5.5483C5.21719 5.86528 4.95762 6.12224 4.63743 6.12224H4.25093C3.93075 6.12224 3.67118 5.86528 3.67118 5.5483ZM4.25093 11.0961C3.93075 11.0961 3.67118 11.3531 3.67118 11.6701C3.67118 11.987 3.93075 12.244 4.25093 12.244H4.63743C4.95762 12.244 5.21719 11.987 5.21719 11.6701C5.21719 11.3531 4.95762 11.0961 4.63743 11.0961H4.25093ZM3.67118 8.60985C3.67118 8.29287 3.93075 8.03591 4.25093 8.03591H4.63743C4.95762 8.03591 5.21719 8.29287 5.21719 8.60985C5.21719 8.92684 4.95762 9.1838 4.63743 9.1838H4.25093C3.93075 9.1838 3.67118 8.92684 3.67118 8.60985ZM4.25093 14.157C3.93075 14.157 3.67118 14.414 3.67118 14.731C3.67118 15.0479 3.93075 15.3049 4.25093 15.3049H4.63743C4.95762 15.3049 5.21719 15.0479 5.21719 14.731C5.21719 14.414 4.95762 14.157 4.63743 14.157H4.25093Z" fill="#EB0203"></path>
                        <path fill-rule="evenodd" clip-rule="evenodd" d="M14.6252 13.6363C13.4918 12.6215 11.7817 12.5264 10.6569 13.4792C9.12421 14.7764 9.34841 16.8912 10.4409 18.0122L14.0159 21.6742C14.2197 21.8832 14.4928 22 14.7822 22C15.0737 22 15.3448 21.8852 15.5486 21.6762L19.1236 18.0142C20.214 16.8933 20.4423 14.7785 18.9075 13.4792C17.7827 12.5283 16.0724 12.6217 14.9391 13.6365C14.8855 13.6845 14.8331 13.7345 14.7822 13.7866C14.7313 13.7345 14.6789 13.6843 14.6252 13.6363ZM18.1546 14.3522C19.0973 15.1508 18.9962 16.4896 18.2891 17.2173C18.2888 17.2175 18.2886 17.2177 18.2884 17.218L14.7832 20.8084L11.2753 17.2151C11.2752 17.215 11.2751 17.2149 11.2749 17.2148C10.5677 16.4887 10.4678 15.1495 11.4104 14.3518L11.4108 14.3514C12.0745 13.7892 13.2018 13.82 13.9488 14.5846L14.7822 15.4378L15.6157 14.5846C16.3617 13.8211 17.4896 13.79 18.1545 14.3521" fill="#EB0203"></path>
                        </svg>
                        <svg class="inactive-content" width="100%" height="100%" viewBox="0 0 20 23" fill="none" xmlns="http://www.w3.org/2000/svg">
                        <path fill-rule="evenodd" clip-rule="evenodd" d="M6.18408 5.77914C6.18408 5.46223 6.44363 5.20532 6.7638 5.20532H12.3678C12.6879 5.20532 12.9475 5.46223 12.9475 5.77914C12.9475 6.09606 12.6879 6.35297 12.3678 6.35297H6.7638C6.44363 6.35297 6.18408 6.09606 6.18408 5.77914Z" fill="#EB0203"></path>
                        <path fill-rule="evenodd" clip-rule="evenodd" d="M6.18408 11.9034C6.18408 11.5865 6.44363 11.3296 6.7638 11.3296H12.3678C12.6879 11.3296 12.9475 11.5865 12.9475 11.9034C12.9475 12.2202 12.6879 12.4771 12.3678 12.4771H6.7638C6.44363 12.4771 6.18408 12.2202 6.18408 11.9034Z" fill="#EB0203"></path>
                        <path fill-rule="evenodd" clip-rule="evenodd" d="M6.18408 8.84116C6.18408 8.52424 6.44363 8.26733 6.7638 8.26733H12.3678C12.6879 8.26733 12.9475 8.52424 12.9475 8.84116C12.9475 9.15807 12.6879 9.41498 12.3678 9.41498H6.7638C6.44363 9.41498 6.18408 9.15807 6.18408 8.84116Z" fill="#EB0203"></path>
                        <path fill-rule="evenodd" clip-rule="evenodd" d="M6.18408 14.9655C6.18408 14.6486 6.44363 14.3917 6.7638 14.3917H10.1455C10.4657 14.3917 10.7252 14.6486 10.7252 14.9655C10.7252 15.2825 10.4657 15.5394 10.1455 15.5394H6.7638C6.44363 15.5394 6.18408 15.2825 6.18408 14.9655Z" fill="#EB0203"></path>
                        <path fill-rule="evenodd" clip-rule="evenodd" d="M3.67139 5.77914C3.67139 5.46223 3.93094 5.20532 4.25111 5.20532H4.63759C4.95776 5.20532 5.21731 5.46223 5.21731 5.77914C5.21731 6.09606 4.95776 6.35297 4.63759 6.35297H4.25111C3.93094 6.35297 3.67139 6.09606 3.67139 5.77914Z" fill="#EB0203"></path>
                        <path fill-rule="evenodd" clip-rule="evenodd" d="M3.67139 11.9034C3.67139 11.5865 3.93094 11.3296 4.25111 11.3296H4.63759C4.95776 11.3296 5.21731 11.5865 5.21731 11.9034C5.21731 12.2202 4.95776 12.4771 4.63759 12.4771H4.25111C3.93094 12.4771 3.67139 12.2202 3.67139 11.9034Z" fill="#EB0203"></path>
                        <path fill-rule="evenodd" clip-rule="evenodd" d="M3.67139 8.84116C3.67139 8.52424 3.93094 8.26733 4.25111 8.26733H4.63759C4.95776 8.26733 5.21731 8.52424 5.21731 8.84116C5.21731 9.15807 4.95776 9.41498 4.63759 9.41498H4.25111C3.93094 9.41498 3.67139 9.15807 3.67139 8.84116Z" fill="#EB0203"></path>
                        <path fill-rule="evenodd" clip-rule="evenodd" d="M3.67139 14.9655C3.67139 14.6486 3.93094 14.3917 4.25111 14.3917H4.63759C4.95776 14.3917 5.21731 14.6486 5.21731 14.9655C5.21731 15.2825 4.95776 15.5394 4.63759 15.5394H4.25111C3.93094 15.5394 3.67139 15.2825 3.67139 14.9655Z" fill="#EB0203"></path>
                        <path fill-rule="evenodd" clip-rule="evenodd" d="M0 1.76033C0 0.914738 0.692131 0.229248 1.54592 0.229248H15.0727C15.9265 0.229248 16.6186 0.914738 16.6186 1.76033V11.2818C16.6186 11.5989 16.3591 11.8559 16.0389 11.8559C15.7187 11.8559 15.4592 11.5989 15.4592 11.2818V1.76033C15.4592 1.54893 15.2862 1.37756 15.0727 1.37756H1.54592C1.33247 1.37756 1.15944 1.54893 1.15944 1.76033V18.985C1.15944 19.1964 1.33247 19.3678 1.54592 19.3678H9.27551C9.59568 19.3678 9.85523 19.6249 9.85523 19.942C9.85523 20.2591 9.59568 20.5161 9.27551 20.5161H1.54592C0.692131 20.5161 0 19.8306 0 18.985V1.76033Z" fill="#EB0203"></path>
                        <path fill-rule="evenodd" clip-rule="evenodd" d="M14.6254 13.8718C13.4921 12.8567 11.7821 12.7615 10.6574 13.7147C9.12472 15.0124 9.34891 17.128 10.4413 18.2493L14.0161 21.9126C14.2199 22.1217 14.493 22.2386 14.7824 22.2386C15.0739 22.2386 15.3449 22.1238 15.5487 21.9147L19.1235 18.2514C20.2139 17.13 20.4422 15.0144 18.9075 13.7147C17.7827 12.7634 16.0726 12.8569 14.9392 13.872C14.8856 13.92 14.8333 13.9701 14.7824 14.0222C14.7314 13.97 14.6791 13.9199 14.6254 13.8718ZM18.1546 14.588C19.0972 15.3869 18.9961 16.7262 18.2891 17.4541C18.2888 17.4543 18.2886 17.4546 18.2884 17.4548L14.7834 21.0466L11.2757 17.452C11.2756 17.4519 11.2755 17.4517 11.2753 17.4516C10.5681 16.7252 10.4682 15.3856 11.4108 14.5876L11.4112 14.5872C12.0748 14.0248 13.202 14.0556 13.949 14.8205L14.7824 15.674L15.6158 14.8205C16.3618 14.0567 17.4896 14.0256 18.1545 14.5879" fill="#EB0203"></path>
                        </svg>
                        </button>
                        </div>
                        <div class="col-sm-10 col-12">
                        <div class="ct-tile-quantity d-none" data-pid="7394989">
                        <input type="hidden" class="add-to-cart-url" value="https://www.continente.pt/on/demandware.store/Sites-continente-Site/default/Cart-AddProduct">
                        <div class="d-none tile-delete-confirmation-btn" data-pid="7394989" data-delay-time="3000" data-in-cart-msg="no carrinho" data-one-product-added="Adicionado ao carrinho" data-remove-from-cart-msg="Removido do carrinho" data-stay-open="6000.0" data-confirmation-image="{&quot;url&quot;:&quot;https://www.continente.pt/dw/image/v2/BDVS_PRD/on/demandware.static/-/Sites-col-master-catalog/default/dw51583ae4/images/col/739/7394989-frente.jpg?sw=87&amp;sh=80&quot;,&quot;fallbackimage&quot;:{&quot;url&quot;:&quot;https://www.continente.pt/dw/image/v2/BDVS_PRD/on/demandware.static/Sites-continente-Site/-/default/dw7c42b4da/images/noimagelarge_product.png?sw=87&amp;sh=80&quot;,&quot;title&quot;:&quot;Cápsulas de Café Qalidus Int 10&quot;,&quot;alt&quot;:&quot;Cápsulas de Café Qalidus Int 10&quot;},&quot;title&quot;:&quot;Cápsulas de Café Qalidus Int 10&quot;,&quot;alt&quot;:&quot;Cápsulas de Café Qalidus Int 10&quot;}"></div>
                        <div class="ct-tile-quantity-update quantity-update product-qty-vue" data-remove-action="https://www.continente.pt/on/demandware.store/Sites-continente-Site/default/Cart-RemoveProductLineItem" data-action="https://www.continente.pt/on/demandware.store/Sites-continente-Site/default/Cart-UpdateQuantity" data-dimension-update="https://www.continente.pt/on/demandware.store/Sites-continente-Site/default/Cart-DimensionUpdate" data-pid="7394989" data-uuid="edc811bc41af3158081de132ba" data-add-delay="500.0" data-measure-options="{&quot;hasConversionRate&quot;:false,&quot;hasAlternativeSaleUnit&quot;:false,&quot;unitConversionRate&quot;:0,&quot;minOrderQuantity&quot;:1,&quot;stepQuantity&quot;:1,&quot;primaryunit&quot;:&quot;un&quot;,&quot;secondaryunit&quot;:&quot;un&quot;,&quot;selectedunit&quot;:&quot;primary&quot;,&quot;maxNumberOfUnitsPerSale&quot;:50}" data-price-available="null" :data-has-error="isMaxQtyReached || isMinQtyReached || qtySelectedMoreThanOne">
                        <template v-show="prodUnits">
                        <div class="quantity-input-wrapper has-units">
                        <label class="visually-hidden" :for="'quantity-' + pid + additionalTag">
                        Quantidade no carrinho
                        </label>
                        <input :ref="'quantityInput-' + pid + additionalTag" class="add-to-cart-quantity form-control ct-form-input text-center" inputmode="numeric" :class="{'is-invalid': isInvalid}" :data-pid="pid + additionalTag" :name="'quantity-' + pid + additionalTag" type="text" aria-label="Insira a quantidade" title="" v-model="displayValue" @change="updateQuantity" @focus="updateQtyFormat" @blur="restoreQtyFormat" :disabled="!isPriceAvailable">
                        <span class="quantity-icon quantity-icon--minus">
                        <button class="decrease-quantity-btn" @click="updateQuantity" :disabled="!isPriceAvailable" role="button" aria-label="Reduzir quantidade">
                        <i class="css-math-minus"></i>
                        </button>
                        </span>
                        <span class="quantity-icon quantity-icon--plus">
                        <button class="increase-quantity-btn" @click="updateQuantity" :disabled="isMaxQtyReached || !isPriceAvailable" role="button" aria-label="Aumentar quantidade">
                        <i class="css-math-plus"></i>
                        </button>
                        <span class="quantity-btn-disabled-placeholder"></span>
                        </span>
                        <template v-if="isPDP">
                        <span class="quantity-error ct-span-error text-sm-center product-max-allocation" v-if="isMaxQtyReached">
                        Quantidade máxima atingida
                        </span>
                        <span class="quantity-error ct-span-product text-sm-center product-allocation" v-if="!isMinQtyReached &amp;&amp; !isMaxQtyReached">
                        {{quantitySelected}} no carrinho
                        </span>
                        <span class="quantity-error ct-span-error text-sm-center product-min-allocation" :data-pid="pid" v-if="isMinQtyReached &amp;&amp; !isMaxQtyReached">
                        Quantidade mínima atingida
                        </span>
                        </template>
                        </div>
                        <template v-if="showNotes">
                        <div class="add-note-link-container ">
                        <div class="add-note">
                        <a href="/produto/capsulas-de-cafe-qalidus-int-10-delta-q-7394989.html?showNote=true" class="ct-add-note-redirect-pdp" aria-label="Adicionar comentário">
                        <span class="svg-wrapper svg-icon-notes" style="width:19px; height:20px">
                        <svg class="svg-inline icon-notes" viewBox="0 0 28 30" xmlns="http://www.w3.org/2000/svg" width="100%" height="100%"><path d="M21.738 0C22.985 0 24 1.04 24 2.319V12.47c0 .469-.37.848-.828.848-.457 0-.827-.38-.827-.848V2.32c0-.343-.273-.622-.607-.622H2.262c-.334 0-.607.279-.607.622V27.68c0 .343.273.622.607.622h7.81c.457 0 .827.38.827.849 0 .468-.37.848-.827.848h-7.81C1.015 30 0 28.96 0 27.681V2.32C0 1.04 1.015 0 2.262 0h19.476zm2.844 16.004l.227.007c.823.053 1.589.39 2.176.964.64.627.993 1.46.993 2.349 0 .888-.353 1.722-.993 2.348l-6.83 6.665c-.11.108-.247.186-.397.226l-5.032 1.363c-.078.021-.16.032-.241.032-.242 0-.478-.097-.647-.266-.23-.231-.314-.566-.218-.874l1.49-4.798c.044-.139.122-.266.227-.369l6.844-6.677c.64-.625 1.493-.97 2.401-.97zm-2.886 3.94l-4.922 4.802-.947 3.048 3.22-.872 4.897-4.78-2.248-2.197zm2.887-2.174c-.425 0-.824.162-1.124.455l-.484.472 2.248 2.197.484-.472c.62-.606.62-1.591 0-2.197l-.117-.104c-.283-.227-.636-.35-1.007-.35zm-10.839.022c.498 0 .904.396.904.883 0 .488-.406.884-.904.884H5.946c-.499 0-.904-.396-.904-.884 0-.487.405-.883.904-.883zm5.042-4.876c.498 0 .904.397.904.884s-.406.884-.904.884H5.946c-.499 0-.904-.397-.904-.884s.405-.884.904-.884zm0-4.875c.498 0 .904.396.904.884 0 .487-.406.883-.904.883H5.946c-.499 0-.904-.396-.904-.883 0-.488.405-.884.904-.884z" fill="#EB0203" fill-rule="evenodd"></path></svg>
                        </span>
                        <div class="available-note d-none"></div>
                        </a>
                        </div>
                        </div>
                        </template>
                        <div class="measurement-unit-section" v-if="isPriceAvailable &amp;&amp; prodUnits ? prodUnits.hasAlternativeUnit : false">
                        <div class="ct-form-radio" @click="setDimension">
                        <input type="radio" title="" class="ct-form-check-input product-measurement-unit" :data-type="prodUnits.selectedUnit == prodUnits.secondaryUnit ? 'primary' : ''" :id="prodUnits.secondaryUnit + '-' + pid + '-measurement-unit-ptile' + additionalTag" :name="'measurement-unit-' + pid + '-ptile' + additionalTag" :value="prodUnits.secondaryUnit" v-model="prodUnits.selectedUnit">
                        <label :class="prodUnits.secondaryUnit + '-label ct-form-check-label mb-0'" :for="prodUnits.secondaryUnit + '-' + pid + '-measurement-unit-ptile' + additionalTag">
                        {{prodUnits.secondaryUnit}}
                        </label>
                        <span class="checkmark"></span>
                        </div>
                        <div class="ct-form-radio" @click="setDimension">
                        <input type="radio" title="" class="ct-form-check-input product-measurement-unit" :data-type="prodUnits.selectedUnit == prodUnits.primaryUnit ? 'primary' : ''" :id="prodUnits.primaryUnit + '-' + pid + '-measurement-unit-ptile' + additionalTag" :name="'measurement-unit-' + pid + '-ptile' + additionalTag" :value="prodUnits.primaryUnit" v-model="prodUnits.selectedUnit">
                        <label :class="prodUnits.primaryUnit + '-label ct-form-check-label mb-0'" :for="prodUnits.primaryUnit + '-' + pid + '-measurement-unit-ptile' + additionalTag">
                        {{prodUnits.primaryUnit}}
                        </label>
                        <span class="checkmark"></span>
                        </div>
                        </div>
                        <template v-if="!isPDP &amp;&amp; isPriceAvailable">
                        <span class="quantity-error ct-span-error product-max-allocation" v-if="isMaxQtyReached">
                        Quantidade máxima atingida
                        </span>
                        <span class="quantity-error ct-span-product product-allocation" v-if="!isMinQtyReached &amp;&amp; !isMaxQtyReached">
                        {{quantitySelected}} no carrinho
                        </span>
                        <span class="quantity-error ct-span-error product-min-allocation" :data-pid="pid" v-if="isMinQtyReached &amp;&amp; !isMaxQtyReached">
                        Quantidade mínima atingida
                        </span>
                        </template>
                        </template>
                        </div>
                        <input class="quantity-value-mask d-none" name="quantity" type="number" min="0" value="">
                        </div>
                        <button type="button" class="add-to-cart button js-add-to-cart js-add-to-cart-tile 7394989 button--primary dynamic-layout-btn" data-toggle="modal" data-target="#chooseBonusProductModal" data-pid="7394989" data-quantity-value="null" aria-label="Carrinho">
                        <span class="d-block d-sm-none">
                        <span class="svg-wrapper svg-icon-cart" style="width:20px; height:20px">
                        <svg class="svg-inline icon-cart" xmlns="http://www.w3.org/2000/svg" viewBox="0 0 500 500" width="100%" height="100%"><path fill="#EB0203" fill-rule="evenodd" d="M 485.67317,94.386311 C 476.37798,83.847129 463.09468,78.03348 448.30404,78.03348 H 90.690813 L 87.079511,51.327997 C 83.185582,22.539551 62.962285,0 41.011841,0 H 14.727836 C 6.563151,0 0,6.5286975 0,14.580758 c 0,8.05206 6.5945535,14.580758 14.727836,14.580758 h 26.284005 c 4.710398,0 14.696435,9.855222 16.894619,26.021523 L 100.01739,368.0631 c 1.88416,13.77244 9.01256,26.70549 20.1605,36.37417 8.25889,7.15046 18.02511,11.9071 28.26237,13.89679 -4.17655,7.58572 -6.53175,16.25957 -6.53175,25.493 0,29.53459 24.27424,53.59751 54.13815,53.59751 29.8325,0 54.13814,-24.03184 54.13814,-53.59751 0,-8.79818 -2.19818,-17.09897 -5.9979,-24.43598 h 77.12488 c -3.79973,7.33701 -5.96652,15.6378 -5.96652,24.43598 0,29.53459 24.27424,53.59751 54.13817,53.59751 29.83249,0 54.13814,-24.03184 54.13814,-53.59751 0,-8.79818 -2.1982,-17.09897 -5.9979,-24.43598 h 38.56243 c 8.13328,0 14.72783,-6.5287 14.72783,-14.61183 0,-8.02098 -6.59455,-14.54967 -14.72783,-14.54967 H 159.24277 c -14.38241,0 -28.13677,-11.90711 -30.02092,-26.02153 l -3.07746,-22.88154 h 290.6314 c 14.03698,0 27.94834,-5.28513 39.06488,-14.95381 11.11652,-9.6376 18.27632,-22.57065 20.16048,-36.37417 l 21.10259,-156.78201 c 1.94694,-14.51858 -2.10398,-28.29103 -11.43057,-38.861299 z M 220.76053,443.82706 c 0,13.49265 -11.08513,24.46709 -24.68247,24.46709 -13.62874,0 -24.71387,-10.97444 -24.71387,-24.46709 0,-13.49262 11.08513,-24.43598 24.71387,-24.43598 13.59734,0 24.68247,10.94336 24.68247,24.43598 z m 173.43675,0 c 0,13.49265 -11.08512,24.46709 -24.68245,24.46709 -13.62876,0 -24.71388,-10.97444 -24.71388,-24.46709 0,-13.49262 11.08512,-24.43598 24.71388,-24.43598 13.59733,0 24.68245,10.94336 24.68245,24.43598 z m 73.7648,-314.46558 -21.13397,156.782 c -1.88416,14.11442 -15.63851,26.05261 -30.02091,26.05261 H 122.25046 L 94.616142,107.19499 H 448.33544 c 6.18632,0 11.61896,2.2695 15.23028,6.37326 3.64269,4.13484 5.21283,9.73086 4.39636,15.79323 z"></path></svg>
                        </span>
                        </span>
                        <span class="add-to-cart--text d-none d-sm-block">Carrinho</span>
                        </button>
                        </div>
                        </div>
                        </div>
                        </div>
                         
                        <div class="col-12 d-sm-none">
                        </div>
                        </div>
                        </div>
                        </div>
                        </div>
                        <div class="col-12 col-sm-3 col-lg-2 productTile" data-idx="20">
                        
                        <script type="text/javascript">//<!--
                        /* <![CDATA[ */
                        (function(){
                        try {
                            if(window.CQuotient) {
                            var cq_params = {};
                            
                            cq_params.cookieId = window.CQuotient.getCQCookieId();
                            cq_params.userId = window.CQuotient.getCQUserId();
                            cq_params.emailId = CQuotient.getCQHashedEmail();
                            cq_params.loginId = CQuotient.getCQHashedLogin();
                            cq_params.accumulate = true;
                            cq_params.products = [{
                                id: '2113579',
                                sku: ''
                            }];
                            cq_params.categoryId = 'mercearias';
                            cq_params.refinements = '[{\"name\":\"priceMin\",\"value\":\"0.01\"},{\"name\":\"priceMax\",\"value\":\"null\"},{\"name\":\"curr\",\"value\":\"EUR\"},{\"name\":\"Category\",\"value\":\"mercearias\"}]';
                            cq_params.personalized = 'false';
                            cq_params.sortingRule = 'FOOD_Mercearia';
                            cq_params.imageUUID = '__UNDEFINED__';
                            cq_params.realm = "BDVS";
                            cq_params.siteId = "continente";
                            cq_params.instanceType = "prd";
                            cq_params.queryLocale = "default";
                            cq_params.locale = window.CQuotient.locale;
                            
                            if(window.CQuotient.sendActivity)
                                window.CQuotient.sendActivity(CQuotient.clientId, 'viewCategory', cq_params);
                            else
                                window.CQuotient.activities.push({
                                    activityType: 'viewCategory',
                                    parameters: cq_params
                                });
                          }
                        } catch(err) {}
                        })();
                        /* ]]> */
                        // -->
                        </script>
                        <script type="text/javascript">//<!--
                        /* <![CDATA[ (viewCategoryProduct-active_data.js) */
                        (function(){
                        try {
                            if (dw.ac) {
                                var search_params = {};
                                search_params.persd = 'false';
                                search_params.refs = '[{\"name\":\"priceMin\",\"value\":\"0.01\"},{\"name\":\"priceMax\",\"value\":\"null\"},{\"name\":\"curr\",\"value\":\"EUR\"},{\"name\":\"Category\",\"value\":\"mercearias\"}]';
                                search_params.sort = 'FOOD_Mercearia';
                                search_params.imageUUID = '';
                                search_params.searchID = 'afeeff71-841d-471a-a4b6-1885a5ac2689';
                                search_params.locale = 'default';
                                search_params.queryLocale = 'default';
                                search_params.showProducts = 'true';
                                dw.ac.applyContext({category: "mercearias", searchData: search_params});
                                if (typeof dw.ac._scheduleDataSubmission === "function") {
                                    dw.ac._scheduleDataSubmission();
                                }
                            }
                        } catch(err) {}
                        })();
                        /* ]]> */
                        // -->
                        </script>
                        <script type="text/javascript">//<!--
                        /* <![CDATA[ (viewProduct-active_data.js) */
                        dw.ac._capture({id: "2113579", type: "searchhit"});
                        /* ]]> */
                        // -->
                        </script>
                        <div class="product" data-pid="2113579">
                        <div class="product-tile pid-2113579 ct-product-tile data-layer-pushed" data-delay-time="3000" data-variants-mapping="[]" data-in-cart-msg="no carrinho" data-one-product-added="Adicionado ao carrinho" data-remove-from-cart-msg="Removido do carrinho" data-stay-open="6000.0" data-product-tile-impression="{&quot;name&quot;:&quot;2113579&quot;,&quot;id&quot;:&quot;2113579&quot;,&quot;price&quot;:2.69,&quot;brand&quot;:&quot;Tenorio&quot;,&quot;category&quot;:[{&quot;category_level_1&quot;:&quot;Mercearia&quot;},{&quot;category_level_2&quot;:&quot;Conservas&quot;},{&quot;category_level_3&quot;:&quot;Atum&quot;}],&quot;variant&quot;:&quot;&quot;}">
                        <div class="ct-inner-tile-wrap row no-gutters justify-content-center align-content-start">
                        
                        <div class="ct-image-container col-4 col-sm" data-confirmation-image="{&quot;url&quot;:&quot;https://www.continente.pt/dw/image/v2/BDVS_PRD/on/demandware.static/-/Sites-col-master-catalog/default/dwe5894983/images/col/211/2113579-direito.jpg?sw=87&amp;sh=80&quot;,&quot;fallbackimage&quot;:{&quot;url&quot;:&quot;https://www.continente.pt/dw/image/v2/BDVS_PRD/on/demandware.static/Sites-continente-Site/-/default/dw7c42b4da/images/noimagelarge_product.png?sw=87&amp;sh=80&quot;,&quot;title&quot;:&quot;Atum Filetes em Azeite&quot;,&quot;alt&quot;:&quot;Atum Filetes em Azeite&quot;},&quot;title&quot;:&quot;Atum Filetes em Azeite&quot;,&quot;alt&quot;:&quot;Atum Filetes em Azeite&quot;}">
                        <a href="https://www.continente.pt/produto/atum-filetes-em-azeite-tenorio-2113579.html?cgid=mercearias">
                        <picture class="intrinsic intrinsic--square">
                        <img class="ct-tile-image lazyloaded" loading="lazy" onerror="this.onerror=null;this.src='/on/demandware.static/Sites-continente-Site/-/default/dw7c42b4da/images/noimagelarge_product.png';" data-src="https://www.continente.pt/dw/image/v2/BDVS_PRD/on/demandware.static/-/Sites-col-master-catalog/default/dwe5894983/images/col/211/2113579-direito.jpg?sw=280&amp;sh=280" alt="Atum Filetes em Azeite" title="Atum Filetes em Azeite" src="https://www.continente.pt/dw/image/v2/BDVS_PRD/on/demandware.static/-/Sites-col-master-catalog/default/dwe5894983/images/col/211/2113579-direito.jpg?sw=280&amp;sh=280">
                        </picture>
                        </a>
                        <div class="color-swatches d-flex" style="margin-left: 5px;">
                        <div class="swatches d-flex">
                        </div>
                        </div>
                        </div>
                        <div class="ct-tile-body col col-sm-auto ">
                        <div class="ct-pdp-details">
                        <div class="ct-pdp-link">
                        <a class="ct-tile--description" href="https://www.continente.pt/produto/atum-filetes-em-azeite-tenorio-2113579.html?cgid=mercearias">Atum Filetes em Azeite</a>
                        <div class="ct-tile--favorite-top d-sm-none">
                        <button class="wishlist-toggler guest-mode inactive button button--tertiary" data-pid="2113579" data-add-url="https://www.continente.pt/on/demandware.store/Sites-continente-Site/default/Wishlist-AddProduct?pid=2113579" data-toggle="tooltip" aria-label="Adicionar aos favoritos " data-original-title="Adicionar aos favoritos" data-placement="top">
                        <svg class="active-content" width="100%" height="100%" viewBox="0 0 20 22" fill="none" xmlns="http://www.w3.org/2000/svg">
                        <path fill-rule="evenodd" clip-rule="evenodd" d="M0 1.53052C0 0.685236 0.692171 0 1.54601 0H15.0736C15.9274 0 16.6196 0.685235 16.6196 1.53052V13.4064L15.8127 13.922L14.2658 14.2658L12.7189 13.4064L10.6054 14.3818C10.4994 14.2451 10.3327 14.157 10.1452 14.157H6.76329C6.4431 14.157 6.18354 14.414 6.18354 14.731C6.18354 15.0479 6.4431 15.3049 6.76329 15.3049H10.1452C10.2478 15.3049 10.3441 15.2785 10.4277 15.2322L10.3126 16.8439L13.2345 20.2793H1.54601C0.69217 20.2793 0 19.5941 0 18.7488V1.53052ZM6.18354 5.5483C6.18354 5.23132 6.4431 4.97436 6.76329 4.97436H12.3676C12.6878 4.97436 12.9473 5.23132 12.9473 5.5483C12.9473 5.86528 12.6878 6.12224 12.3676 6.12224H6.76329C6.4431 6.12224 6.18354 5.86528 6.18354 5.5483ZM6.76329 11.0961C6.4431 11.0961 6.18354 11.3531 6.18354 11.6701C6.18354 11.987 6.4431 12.244 6.76329 12.244H12.3676C12.6878 12.244 12.9473 11.987 12.9473 11.6701C12.9473 11.3531 12.6878 11.0961 12.3676 11.0961H6.76329ZM6.18354 8.60985C6.18354 8.29287 6.4431 8.03591 6.76329 8.03591H12.3676C12.6878 8.03591 12.9473 8.29287 12.9473 8.60985C12.9473 8.92684 12.6878 9.1838 12.3676 9.1838H6.76329C6.4431 9.1838 6.18354 8.92684 6.18354 8.60985ZM3.67118 5.5483C3.67118 5.23132 3.93075 4.97436 4.25093 4.97436H4.63743C4.95762 4.97436 5.21719 5.23132 5.21719 5.5483C5.21719 5.86528 4.95762 6.12224 4.63743 6.12224H4.25093C3.93075 6.12224 3.67118 5.86528 3.67118 5.5483ZM4.25093 11.0961C3.93075 11.0961 3.67118 11.3531 3.67118 11.6701C3.67118 11.987 3.93075 12.244 4.25093 12.244H4.63743C4.95762 12.244 5.21719 11.987 5.21719 11.6701C5.21719 11.3531 4.95762 11.0961 4.63743 11.0961H4.25093ZM3.67118 8.60985C3.67118 8.29287 3.93075 8.03591 4.25093 8.03591H4.63743C4.95762 8.03591 5.21719 8.29287 5.21719 8.60985C5.21719 8.92684 4.95762 9.1838 4.63743 9.1838H4.25093C3.93075 9.1838 3.67118 8.92684 3.67118 8.60985ZM4.25093 14.157C3.93075 14.157 3.67118 14.414 3.67118 14.731C3.67118 15.0479 3.93075 15.3049 4.25093 15.3049H4.63743C4.95762 15.3049 5.21719 15.0479 5.21719 14.731C5.21719 14.414 4.95762 14.157 4.63743 14.157H4.25093Z" fill="#EB0203"></path>
                        <path fill-rule="evenodd" clip-rule="evenodd" d="M14.6252 13.6363C13.4918 12.6215 11.7817 12.5264 10.6569 13.4792C9.12421 14.7764 9.34841 16.8912 10.4409 18.0122L14.0159 21.6742C14.2197 21.8832 14.4928 22 14.7822 22C15.0737 22 15.3448 21.8852 15.5486 21.6762L19.1236 18.0142C20.214 16.8933 20.4423 14.7785 18.9075 13.4792C17.7827 12.5283 16.0724 12.6217 14.9391 13.6365C14.8855 13.6845 14.8331 13.7345 14.7822 13.7866C14.7313 13.7345 14.6789 13.6843 14.6252 13.6363ZM18.1546 14.3522C19.0973 15.1508 18.9962 16.4896 18.2891 17.2173C18.2888 17.2175 18.2886 17.2177 18.2884 17.218L14.7832 20.8084L11.2753 17.2151C11.2752 17.215 11.2751 17.2149 11.2749 17.2148C10.5677 16.4887 10.4678 15.1495 11.4104 14.3518L11.4108 14.3514C12.0745 13.7892 13.2018 13.82 13.9488 14.5846L14.7822 15.4378L15.6157 14.5846C16.3617 13.8211 17.4896 13.79 18.1545 14.3521" fill="#EB0203"></path>
                        </svg>
                        <svg class="inactive-content" width="100%" height="100%" viewBox="0 0 20 23" fill="none" xmlns="http://www.w3.org/2000/svg">
                        <path fill-rule="evenodd" clip-rule="evenodd" d="M6.18408 5.77914C6.18408 5.46223 6.44363 5.20532 6.7638 5.20532H12.3678C12.6879 5.20532 12.9475 5.46223 12.9475 5.77914C12.9475 6.09606 12.6879 6.35297 12.3678 6.35297H6.7638C6.44363 6.35297 6.18408 6.09606 6.18408 5.77914Z" fill="#EB0203"></path>
                        <path fill-rule="evenodd" clip-rule="evenodd" d="M6.18408 11.9034C6.18408 11.5865 6.44363 11.3296 6.7638 11.3296H12.3678C12.6879 11.3296 12.9475 11.5865 12.9475 11.9034C12.9475 12.2202 12.6879 12.4771 12.3678 12.4771H6.7638C6.44363 12.4771 6.18408 12.2202 6.18408 11.9034Z" fill="#EB0203"></path>
                        <path fill-rule="evenodd" clip-rule="evenodd" d="M6.18408 8.84116C6.18408 8.52424 6.44363 8.26733 6.7638 8.26733H12.3678C12.6879 8.26733 12.9475 8.52424 12.9475 8.84116C12.9475 9.15807 12.6879 9.41498 12.3678 9.41498H6.7638C6.44363 9.41498 6.18408 9.15807 6.18408 8.84116Z" fill="#EB0203"></path>
                        <path fill-rule="evenodd" clip-rule="evenodd" d="M6.18408 14.9655C6.18408 14.6486 6.44363 14.3917 6.7638 14.3917H10.1455C10.4657 14.3917 10.7252 14.6486 10.7252 14.9655C10.7252 15.2825 10.4657 15.5394 10.1455 15.5394H6.7638C6.44363 15.5394 6.18408 15.2825 6.18408 14.9655Z" fill="#EB0203"></path>
                        <path fill-rule="evenodd" clip-rule="evenodd" d="M3.67139 5.77914C3.67139 5.46223 3.93094 5.20532 4.25111 5.20532H4.63759C4.95776 5.20532 5.21731 5.46223 5.21731 5.77914C5.21731 6.09606 4.95776 6.35297 4.63759 6.35297H4.25111C3.93094 6.35297 3.67139 6.09606 3.67139 5.77914Z" fill="#EB0203"></path>
                        <path fill-rule="evenodd" clip-rule="evenodd" d="M3.67139 11.9034C3.67139 11.5865 3.93094 11.3296 4.25111 11.3296H4.63759C4.95776 11.3296 5.21731 11.5865 5.21731 11.9034C5.21731 12.2202 4.95776 12.4771 4.63759 12.4771H4.25111C3.93094 12.4771 3.67139 12.2202 3.67139 11.9034Z" fill="#EB0203"></path>
                        <path fill-rule="evenodd" clip-rule="evenodd" d="M3.67139 8.84116C3.67139 8.52424 3.93094 8.26733 4.25111 8.26733H4.63759C4.95776 8.26733 5.21731 8.52424 5.21731 8.84116C5.21731 9.15807 4.95776 9.41498 4.63759 9.41498H4.25111C3.93094 9.41498 3.67139 9.15807 3.67139 8.84116Z" fill="#EB0203"></path>
                        <path fill-rule="evenodd" clip-rule="evenodd" d="M3.67139 14.9655C3.67139 14.6486 3.93094 14.3917 4.25111 14.3917H4.63759C4.95776 14.3917 5.21731 14.6486 5.21731 14.9655C5.21731 15.2825 4.95776 15.5394 4.63759 15.5394H4.25111C3.93094 15.5394 3.67139 15.2825 3.67139 14.9655Z" fill="#EB0203"></path>
                        <path fill-rule="evenodd" clip-rule="evenodd" d="M0 1.76033C0 0.914738 0.692131 0.229248 1.54592 0.229248H15.0727C15.9265 0.229248 16.6186 0.914738 16.6186 1.76033V11.2818C16.6186 11.5989 16.3591 11.8559 16.0389 11.8559C15.7187 11.8559 15.4592 11.5989 15.4592 11.2818V1.76033C15.4592 1.54893 15.2862 1.37756 15.0727 1.37756H1.54592C1.33247 1.37756 1.15944 1.54893 1.15944 1.76033V18.985C1.15944 19.1964 1.33247 19.3678 1.54592 19.3678H9.27551C9.59568 19.3678 9.85523 19.6249 9.85523 19.942C9.85523 20.2591 9.59568 20.5161 9.27551 20.5161H1.54592C0.692131 20.5161 0 19.8306 0 18.985V1.76033Z" fill="#EB0203"></path>
                        <path fill-rule="evenodd" clip-rule="evenodd" d="M14.6254 13.8718C13.4921 12.8567 11.7821 12.7615 10.6574 13.7147C9.12472 15.0124 9.34891 17.128 10.4413 18.2493L14.0161 21.9126C14.2199 22.1217 14.493 22.2386 14.7824 22.2386C15.0739 22.2386 15.3449 22.1238 15.5487 21.9147L19.1235 18.2514C20.2139 17.13 20.4422 15.0144 18.9075 13.7147C17.7827 12.7634 16.0726 12.8569 14.9392 13.872C14.8856 13.92 14.8333 13.9701 14.7824 14.0222C14.7314 13.97 14.6791 13.9199 14.6254 13.8718ZM18.1546 14.588C19.0972 15.3869 18.9961 16.7262 18.2891 17.4541C18.2888 17.4543 18.2886 17.4546 18.2884 17.4548L14.7834 21.0466L11.2757 17.452C11.2756 17.4519 11.2755 17.4517 11.2753 17.4516C10.5681 16.7252 10.4682 15.3856 11.4108 14.5876L11.4112 14.5872C12.0748 14.0248 13.202 14.0556 13.949 14.8205L14.7824 15.674L15.6158 14.8205C16.3618 14.0567 17.4896 14.0256 18.1545 14.5879" fill="#EB0203"></path>
                        </svg>
                        </button>
                        </div>
                        </div>
                        <p class="ct-tile--brand">Tenorio</p>
                        <p class="ct-tile--quantity">emb. 120 gr (peso escorrido 78 gr)</p>
                        </div>
                        <div class="ct-tile-bottom row no-gutters justify-content-between">
                        <div class="ct-price-wrap col-8 col-sm-12">
                        <div class="price js-product-price">
                        <div class="prices-wrapper">
                        <span class="sales ct-tile--price-primary ">
                        <span class="value" content="2.69">
                        <span class="ct-price-formatted">
                        €2,69
                        </span>
                        <span class="ct-m-unit">
                        /un
                        </span>
                        </span>
                        </span>
                        </div>
                        <div class="ct-tile--price-secondary">
                        <span class="ct-price-value">
                        €34,49
                        </span>
                        <span class="ct-m-unit">
                        /kg
                        </span>
                        </div>
                        </div>
                        </div>
                        <div class="ct-tile-buy-section d-flex justify-content-center no-gutters col-auto col-sm-12">
                        <div class="col-2 d-sm-flex d-none">
                        <button class="wishlist-toggler guest-mode inactive button button--tertiary" data-pid="2113579" data-add-url="https://www.continente.pt/on/demandware.store/Sites-continente-Site/default/Wishlist-AddProduct?pid=2113579" data-toggle="tooltip" aria-label="Adicionar aos favoritos " data-original-title="Adicionar aos favoritos" data-placement="top">
                        <svg class="active-content" width="100%" height="100%" viewBox="0 0 20 22" fill="none" xmlns="http://www.w3.org/2000/svg">
                        <path fill-rule="evenodd" clip-rule="evenodd" d="M0 1.53052C0 0.685236 0.692171 0 1.54601 0H15.0736C15.9274 0 16.6196 0.685235 16.6196 1.53052V13.4064L15.8127 13.922L14.2658 14.2658L12.7189 13.4064L10.6054 14.3818C10.4994 14.2451 10.3327 14.157 10.1452 14.157H6.76329C6.4431 14.157 6.18354 14.414 6.18354 14.731C6.18354 15.0479 6.4431 15.3049 6.76329 15.3049H10.1452C10.2478 15.3049 10.3441 15.2785 10.4277 15.2322L10.3126 16.8439L13.2345 20.2793H1.54601C0.69217 20.2793 0 19.5941 0 18.7488V1.53052ZM6.18354 5.5483C6.18354 5.23132 6.4431 4.97436 6.76329 4.97436H12.3676C12.6878 4.97436 12.9473 5.23132 12.9473 5.5483C12.9473 5.86528 12.6878 6.12224 12.3676 6.12224H6.76329C6.4431 6.12224 6.18354 5.86528 6.18354 5.5483ZM6.76329 11.0961C6.4431 11.0961 6.18354 11.3531 6.18354 11.6701C6.18354 11.987 6.4431 12.244 6.76329 12.244H12.3676C12.6878 12.244 12.9473 11.987 12.9473 11.6701C12.9473 11.3531 12.6878 11.0961 12.3676 11.0961H6.76329ZM6.18354 8.60985C6.18354 8.29287 6.4431 8.03591 6.76329 8.03591H12.3676C12.6878 8.03591 12.9473 8.29287 12.9473 8.60985C12.9473 8.92684 12.6878 9.1838 12.3676 9.1838H6.76329C6.4431 9.1838 6.18354 8.92684 6.18354 8.60985ZM3.67118 5.5483C3.67118 5.23132 3.93075 4.97436 4.25093 4.97436H4.63743C4.95762 4.97436 5.21719 5.23132 5.21719 5.5483C5.21719 5.86528 4.95762 6.12224 4.63743 6.12224H4.25093C3.93075 6.12224 3.67118 5.86528 3.67118 5.5483ZM4.25093 11.0961C3.93075 11.0961 3.67118 11.3531 3.67118 11.6701C3.67118 11.987 3.93075 12.244 4.25093 12.244H4.63743C4.95762 12.244 5.21719 11.987 5.21719 11.6701C5.21719 11.3531 4.95762 11.0961 4.63743 11.0961H4.25093ZM3.67118 8.60985C3.67118 8.29287 3.93075 8.03591 4.25093 8.03591H4.63743C4.95762 8.03591 5.21719 8.29287 5.21719 8.60985C5.21719 8.92684 4.95762 9.1838 4.63743 9.1838H4.25093C3.93075 9.1838 3.67118 8.92684 3.67118 8.60985ZM4.25093 14.157C3.93075 14.157 3.67118 14.414 3.67118 14.731C3.67118 15.0479 3.93075 15.3049 4.25093 15.3049H4.63743C4.95762 15.3049 5.21719 15.0479 5.21719 14.731C5.21719 14.414 4.95762 14.157 4.63743 14.157H4.25093Z" fill="#EB0203"></path>
                        <path fill-rule="evenodd" clip-rule="evenodd" d="M14.6252 13.6363C13.4918 12.6215 11.7817 12.5264 10.6569 13.4792C9.12421 14.7764 9.34841 16.8912 10.4409 18.0122L14.0159 21.6742C14.2197 21.8832 14.4928 22 14.7822 22C15.0737 22 15.3448 21.8852 15.5486 21.6762L19.1236 18.0142C20.214 16.8933 20.4423 14.7785 18.9075 13.4792C17.7827 12.5283 16.0724 12.6217 14.9391 13.6365C14.8855 13.6845 14.8331 13.7345 14.7822 13.7866C14.7313 13.7345 14.6789 13.6843 14.6252 13.6363ZM18.1546 14.3522C19.0973 15.1508 18.9962 16.4896 18.2891 17.2173C18.2888 17.2175 18.2886 17.2177 18.2884 17.218L14.7832 20.8084L11.2753 17.2151C11.2752 17.215 11.2751 17.2149 11.2749 17.2148C10.5677 16.4887 10.4678 15.1495 11.4104 14.3518L11.4108 14.3514C12.0745 13.7892 13.2018 13.82 13.9488 14.5846L14.7822 15.4378L15.6157 14.5846C16.3617 13.8211 17.4896 13.79 18.1545 14.3521" fill="#EB0203"></path>
                        </svg>
                        <svg class="inactive-content" width="100%" height="100%" viewBox="0 0 20 23" fill="none" xmlns="http://www.w3.org/2000/svg">
                        <path fill-rule="evenodd" clip-rule="evenodd" d="M6.18408 5.77914C6.18408 5.46223 6.44363 5.20532 6.7638 5.20532H12.3678C12.6879 5.20532 12.9475 5.46223 12.9475 5.77914C12.9475 6.09606 12.6879 6.35297 12.3678 6.35297H6.7638C6.44363 6.35297 6.18408 6.09606 6.18408 5.77914Z" fill="#EB0203"></path>
                        <path fill-rule="evenodd" clip-rule="evenodd" d="M6.18408 11.9034C6.18408 11.5865 6.44363 11.3296 6.7638 11.3296H12.3678C12.6879 11.3296 12.9475 11.5865 12.9475 11.9034C12.9475 12.2202 12.6879 12.4771 12.3678 12.4771H6.7638C6.44363 12.4771 6.18408 12.2202 6.18408 11.9034Z" fill="#EB0203"></path>
                        <path fill-rule="evenodd" clip-rule="evenodd" d="M6.18408 8.84116C6.18408 8.52424 6.44363 8.26733 6.7638 8.26733H12.3678C12.6879 8.26733 12.9475 8.52424 12.9475 8.84116C12.9475 9.15807 12.6879 9.41498 12.3678 9.41498H6.7638C6.44363 9.41498 6.18408 9.15807 6.18408 8.84116Z" fill="#EB0203"></path>
                        <path fill-rule="evenodd" clip-rule="evenodd" d="M6.18408 14.9655C6.18408 14.6486 6.44363 14.3917 6.7638 14.3917H10.1455C10.4657 14.3917 10.7252 14.6486 10.7252 14.9655C10.7252 15.2825 10.4657 15.5394 10.1455 15.5394H6.7638C6.44363 15.5394 6.18408 15.2825 6.18408 14.9655Z" fill="#EB0203"></path>
                        <path fill-rule="evenodd" clip-rule="evenodd" d="M3.67139 5.77914C3.67139 5.46223 3.93094 5.20532 4.25111 5.20532H4.63759C4.95776 5.20532 5.21731 5.46223 5.21731 5.77914C5.21731 6.09606 4.95776 6.35297 4.63759 6.35297H4.25111C3.93094 6.35297 3.67139 6.09606 3.67139 5.77914Z" fill="#EB0203"></path>
                        <path fill-rule="evenodd" clip-rule="evenodd" d="M3.67139 11.9034C3.67139 11.5865 3.93094 11.3296 4.25111 11.3296H4.63759C4.95776 11.3296 5.21731 11.5865 5.21731 11.9034C5.21731 12.2202 4.95776 12.4771 4.63759 12.4771H4.25111C3.93094 12.4771 3.67139 12.2202 3.67139 11.9034Z" fill="#EB0203"></path>
                        <path fill-rule="evenodd" clip-rule="evenodd" d="M3.67139 8.84116C3.67139 8.52424 3.93094 8.26733 4.25111 8.26733H4.63759C4.95776 8.26733 5.21731 8.52424 5.21731 8.84116C5.21731 9.15807 4.95776 9.41498 4.63759 9.41498H4.25111C3.93094 9.41498 3.67139 9.15807 3.67139 8.84116Z" fill="#EB0203"></path>
                        <path fill-rule="evenodd" clip-rule="evenodd" d="M3.67139 14.9655C3.67139 14.6486 3.93094 14.3917 4.25111 14.3917H4.63759C4.95776 14.3917 5.21731 14.6486 5.21731 14.9655C5.21731 15.2825 4.95776 15.5394 4.63759 15.5394H4.25111C3.93094 15.5394 3.67139 15.2825 3.67139 14.9655Z" fill="#EB0203"></path>
                        <path fill-rule="evenodd" clip-rule="evenodd" d="M0 1.76033C0 0.914738 0.692131 0.229248 1.54592 0.229248H15.0727C15.9265 0.229248 16.6186 0.914738 16.6186 1.76033V11.2818C16.6186 11.5989 16.3591 11.8559 16.0389 11.8559C15.7187 11.8559 15.4592 11.5989 15.4592 11.2818V1.76033C15.4592 1.54893 15.2862 1.37756 15.0727 1.37756H1.54592C1.33247 1.37756 1.15944 1.54893 1.15944 1.76033V18.985C1.15944 19.1964 1.33247 19.3678 1.54592 19.3678H9.27551C9.59568 19.3678 9.85523 19.6249 9.85523 19.942C9.85523 20.2591 9.59568 20.5161 9.27551 20.5161H1.54592C0.692131 20.5161 0 19.8306 0 18.985V1.76033Z" fill="#EB0203"></path>
                        <path fill-rule="evenodd" clip-rule="evenodd" d="M14.6254 13.8718C13.4921 12.8567 11.7821 12.7615 10.6574 13.7147C9.12472 15.0124 9.34891 17.128 10.4413 18.2493L14.0161 21.9126C14.2199 22.1217 14.493 22.2386 14.7824 22.2386C15.0739 22.2386 15.3449 22.1238 15.5487 21.9147L19.1235 18.2514C20.2139 17.13 20.4422 15.0144 18.9075 13.7147C17.7827 12.7634 16.0726 12.8569 14.9392 13.872C14.8856 13.92 14.8333 13.9701 14.7824 14.0222C14.7314 13.97 14.6791 13.9199 14.6254 13.8718ZM18.1546 14.588C19.0972 15.3869 18.9961 16.7262 18.2891 17.4541C18.2888 17.4543 18.2886 17.4546 18.2884 17.4548L14.7834 21.0466L11.2757 17.452C11.2756 17.4519 11.2755 17.4517 11.2753 17.4516C10.5681 16.7252 10.4682 15.3856 11.4108 14.5876L11.4112 14.5872C12.0748 14.0248 13.202 14.0556 13.949 14.8205L14.7824 15.674L15.6158 14.8205C16.3618 14.0567 17.4896 14.0256 18.1545 14.5879" fill="#EB0203"></path>
                        </svg>
                        </button>
                        </div>
                        <div class="col-sm-10 col-12">
                        <div class="ct-tile-quantity d-none" data-pid="2113579">
                        <input type="hidden" class="add-to-cart-url" value="https://www.continente.pt/on/demandware.store/Sites-continente-Site/default/Cart-AddProduct">
                        <div class="d-none tile-delete-confirmation-btn" data-pid="2113579" data-delay-time="3000" data-in-cart-msg="no carrinho" data-one-product-added="Adicionado ao carrinho" data-remove-from-cart-msg="Removido do carrinho" data-stay-open="6000.0" data-confirmation-image="{&quot;url&quot;:&quot;https://www.continente.pt/dw/image/v2/BDVS_PRD/on/demandware.static/-/Sites-col-master-catalog/default/dwe5894983/images/col/211/2113579-direito.jpg?sw=87&amp;sh=80&quot;,&quot;fallbackimage&quot;:{&quot;url&quot;:&quot;https://www.continente.pt/dw/image/v2/BDVS_PRD/on/demandware.static/Sites-continente-Site/-/default/dw7c42b4da/images/noimagelarge_product.png?sw=87&amp;sh=80&quot;,&quot;title&quot;:&quot;Atum Filetes em Azeite&quot;,&quot;alt&quot;:&quot;Atum Filetes em Azeite&quot;},&quot;title&quot;:&quot;Atum Filetes em Azeite&quot;,&quot;alt&quot;:&quot;Atum Filetes em Azeite&quot;}"></div>
                        <div class="ct-tile-quantity-update quantity-update product-qty-vue" data-remove-action="https://www.continente.pt/on/demandware.store/Sites-continente-Site/default/Cart-RemoveProductLineItem" data-action="https://www.continente.pt/on/demandware.store/Sites-continente-Site/default/Cart-UpdateQuantity" data-dimension-update="https://www.continente.pt/on/demandware.store/Sites-continente-Site/default/Cart-DimensionUpdate" data-pid="2113579" data-uuid="2bbfb0c1ab3230687b611fd914" data-add-delay="500.0" data-measure-options="{&quot;hasConversionRate&quot;:false,&quot;hasAlternativeSaleUnit&quot;:false,&quot;unitConversionRate&quot;:0,&quot;minOrderQuantity&quot;:1,&quot;stepQuantity&quot;:1,&quot;primaryunit&quot;:&quot;un&quot;,&quot;secondaryunit&quot;:&quot;kg&quot;,&quot;selectedunit&quot;:&quot;primary&quot;,&quot;maxNumberOfUnitsPerSale&quot;:50}" data-price-available="null" :data-has-error="isMaxQtyReached || isMinQtyReached || qtySelectedMoreThanOne">
                        <template v-show="prodUnits">
                        <div class="quantity-input-wrapper has-units">
                        <label class="visually-hidden" :for="'quantity-' + pid + additionalTag">
                        Quantidade no carrinho
                        </label>
                        <input :ref="'quantityInput-' + pid + additionalTag" class="add-to-cart-quantity form-control ct-form-input text-center" inputmode="numeric" :class="{'is-invalid': isInvalid}" :data-pid="pid + additionalTag" :name="'quantity-' + pid + additionalTag" type="text" aria-label="Insira a quantidade" title="" v-model="displayValue" @change="updateQuantity" @focus="updateQtyFormat" @blur="restoreQtyFormat" :disabled="!isPriceAvailable">
                        <span class="quantity-icon quantity-icon--minus">
                        <button class="decrease-quantity-btn" @click="updateQuantity" :disabled="!isPriceAvailable" role="button" aria-label="Reduzir quantidade">
                        <i class="css-math-minus"></i>
                        </button>
                        </span>
                        <span class="quantity-icon quantity-icon--plus">
                        <button class="increase-quantity-btn" @click="updateQuantity" :disabled="isMaxQtyReached || !isPriceAvailable" role="button" aria-label="Aumentar quantidade">
                        <i class="css-math-plus"></i>
                        </button>
                        <span class="quantity-btn-disabled-placeholder"></span>
                        </span>
                        <template v-if="isPDP">
                        <span class="quantity-error ct-span-error text-sm-center product-max-allocation" v-if="isMaxQtyReached">
                        Quantidade máxima atingida
                        </span>
                        <span class="quantity-error ct-span-product text-sm-center product-allocation" v-if="!isMinQtyReached &amp;&amp; !isMaxQtyReached">
                        {{quantitySelected}} no carrinho
                        </span>
                        <span class="quantity-error ct-span-error text-sm-center product-min-allocation" :data-pid="pid" v-if="isMinQtyReached &amp;&amp; !isMaxQtyReached">
                        Quantidade mínima atingida
                        </span>
                        </template>
                        </div>
                        <template v-if="showNotes">
                        <div class="add-note-link-container ">
                        <div class="add-note">
                        <a href="/produto/atum-filetes-em-azeite-tenorio-2113579.html?showNote=true" class="ct-add-note-redirect-pdp" aria-label="Adicionar comentário">
                        <span class="svg-wrapper svg-icon-notes" style="width:19px; height:20px">
                        <svg class="svg-inline icon-notes" viewBox="0 0 28 30" xmlns="http://www.w3.org/2000/svg" width="100%" height="100%"><path d="M21.738 0C22.985 0 24 1.04 24 2.319V12.47c0 .469-.37.848-.828.848-.457 0-.827-.38-.827-.848V2.32c0-.343-.273-.622-.607-.622H2.262c-.334 0-.607.279-.607.622V27.68c0 .343.273.622.607.622h7.81c.457 0 .827.38.827.849 0 .468-.37.848-.827.848h-7.81C1.015 30 0 28.96 0 27.681V2.32C0 1.04 1.015 0 2.262 0h19.476zm2.844 16.004l.227.007c.823.053 1.589.39 2.176.964.64.627.993 1.46.993 2.349 0 .888-.353 1.722-.993 2.348l-6.83 6.665c-.11.108-.247.186-.397.226l-5.032 1.363c-.078.021-.16.032-.241.032-.242 0-.478-.097-.647-.266-.23-.231-.314-.566-.218-.874l1.49-4.798c.044-.139.122-.266.227-.369l6.844-6.677c.64-.625 1.493-.97 2.401-.97zm-2.886 3.94l-4.922 4.802-.947 3.048 3.22-.872 4.897-4.78-2.248-2.197zm2.887-2.174c-.425 0-.824.162-1.124.455l-.484.472 2.248 2.197.484-.472c.62-.606.62-1.591 0-2.197l-.117-.104c-.283-.227-.636-.35-1.007-.35zm-10.839.022c.498 0 .904.396.904.883 0 .488-.406.884-.904.884H5.946c-.499 0-.904-.396-.904-.884 0-.487.405-.883.904-.883zm5.042-4.876c.498 0 .904.397.904.884s-.406.884-.904.884H5.946c-.499 0-.904-.397-.904-.884s.405-.884.904-.884zm0-4.875c.498 0 .904.396.904.884 0 .487-.406.883-.904.883H5.946c-.499 0-.904-.396-.904-.883 0-.488.405-.884.904-.884z" fill="#EB0203" fill-rule="evenodd"></path></svg>
                        </span>
                        <div class="available-note d-none"></div>
                        </a>
                        </div>
                        </div>
                        </template>
                        <div class="measurement-unit-section" v-if="isPriceAvailable &amp;&amp; prodUnits ? prodUnits.hasAlternativeUnit : false">
                        <div class="ct-form-radio" @click="setDimension">
                        <input type="radio" title="" class="ct-form-check-input product-measurement-unit" :data-type="prodUnits.selectedUnit == prodUnits.secondaryUnit ? 'primary' : ''" :id="prodUnits.secondaryUnit + '-' + pid + '-measurement-unit-ptile' + additionalTag" :name="'measurement-unit-' + pid + '-ptile' + additionalTag" :value="prodUnits.secondaryUnit" v-model="prodUnits.selectedUnit">
                        <label :class="prodUnits.secondaryUnit + '-label ct-form-check-label mb-0'" :for="prodUnits.secondaryUnit + '-' + pid + '-measurement-unit-ptile' + additionalTag">
                        {{prodUnits.secondaryUnit}}
                        </label>
                        <span class="checkmark"></span>
                        </div>
                        <div class="ct-form-radio" @click="setDimension">
                        <input type="radio" title="" class="ct-form-check-input product-measurement-unit" :data-type="prodUnits.selectedUnit == prodUnits.primaryUnit ? 'primary' : ''" :id="prodUnits.primaryUnit + '-' + pid + '-measurement-unit-ptile' + additionalTag" :name="'measurement-unit-' + pid + '-ptile' + additionalTag" :value="prodUnits.primaryUnit" v-model="prodUnits.selectedUnit">
                        <label :class="prodUnits.primaryUnit + '-label ct-form-check-label mb-0'" :for="prodUnits.primaryUnit + '-' + pid + '-measurement-unit-ptile' + additionalTag">
                        {{prodUnits.primaryUnit}}
                        </label>
                        <span class="checkmark"></span>
                        </div>
                        </div>
                        <template v-if="!isPDP &amp;&amp; isPriceAvailable">
                        <span class="quantity-error ct-span-error product-max-allocation" v-if="isMaxQtyReached">
                        Quantidade máxima atingida
                        </span>
                        <span class="quantity-error ct-span-product product-allocation" v-if="!isMinQtyReached &amp;&amp; !isMaxQtyReached">
                        {{quantitySelected}} no carrinho
                        </span>
                        <span class="quantity-error ct-span-error product-min-allocation" :data-pid="pid" v-if="isMinQtyReached &amp;&amp; !isMaxQtyReached">
                        Quantidade mínima atingida
                        </span>
                        </template>
                        </template>
                        </div>
                        <input class="quantity-value-mask d-none" name="quantity" type="number" min="0" value="">
                        </div>
                        <button type="button" class="add-to-cart button js-add-to-cart js-add-to-cart-tile 2113579 button--primary dynamic-layout-btn" data-toggle="modal" data-target="#chooseBonusProductModal" data-pid="2113579" data-quantity-value="null" aria-label="Carrinho">
                        <span class="d-block d-sm-none">
                        <span class="svg-wrapper svg-icon-cart" style="width:20px; height:20px">
                        <svg class="svg-inline icon-cart" xmlns="http://www.w3.org/2000/svg" viewBox="0 0 500 500" width="100%" height="100%"><path fill="#EB0203" fill-rule="evenodd" d="M 485.67317,94.386311 C 476.37798,83.847129 463.09468,78.03348 448.30404,78.03348 H 90.690813 L 87.079511,51.327997 C 83.185582,22.539551 62.962285,0 41.011841,0 H 14.727836 C 6.563151,0 0,6.5286975 0,14.580758 c 0,8.05206 6.5945535,14.580758 14.727836,14.580758 h 26.284005 c 4.710398,0 14.696435,9.855222 16.894619,26.021523 L 100.01739,368.0631 c 1.88416,13.77244 9.01256,26.70549 20.1605,36.37417 8.25889,7.15046 18.02511,11.9071 28.26237,13.89679 -4.17655,7.58572 -6.53175,16.25957 -6.53175,25.493 0,29.53459 24.27424,53.59751 54.13815,53.59751 29.8325,0 54.13814,-24.03184 54.13814,-53.59751 0,-8.79818 -2.19818,-17.09897 -5.9979,-24.43598 h 77.12488 c -3.79973,7.33701 -5.96652,15.6378 -5.96652,24.43598 0,29.53459 24.27424,53.59751 54.13817,53.59751 29.83249,0 54.13814,-24.03184 54.13814,-53.59751 0,-8.79818 -2.1982,-17.09897 -5.9979,-24.43598 h 38.56243 c 8.13328,0 14.72783,-6.5287 14.72783,-14.61183 0,-8.02098 -6.59455,-14.54967 -14.72783,-14.54967 H 159.24277 c -14.38241,0 -28.13677,-11.90711 -30.02092,-26.02153 l -3.07746,-22.88154 h 290.6314 c 14.03698,0 27.94834,-5.28513 39.06488,-14.95381 11.11652,-9.6376 18.27632,-22.57065 20.16048,-36.37417 l 21.10259,-156.78201 c 1.94694,-14.51858 -2.10398,-28.29103 -11.43057,-38.861299 z M 220.76053,443.82706 c 0,13.49265 -11.08513,24.46709 -24.68247,24.46709 -13.62874,0 -24.71387,-10.97444 -24.71387,-24.46709 0,-13.49262 11.08513,-24.43598 24.71387,-24.43598 13.59734,0 24.68247,10.94336 24.68247,24.43598 z m 173.43675,0 c 0,13.49265 -11.08512,24.46709 -24.68245,24.46709 -13.62876,0 -24.71388,-10.97444 -24.71388,-24.46709 0,-13.49262 11.08512,-24.43598 24.71388,-24.43598 13.59733,0 24.68245,10.94336 24.68245,24.43598 z m 73.7648,-314.46558 -21.13397,156.782 c -1.88416,14.11442 -15.63851,26.05261 -30.02091,26.05261 H 122.25046 L 94.616142,107.19499 H 448.33544 c 6.18632,0 11.61896,2.2695 15.23028,6.37326 3.64269,4.13484 5.21283,9.73086 4.39636,15.79323 z"></path></svg>
                        </span>
                        </span>
                        <span class="add-to-cart--text d-none d-sm-block">Carrinho</span>
                        </button>
                        </div>
                        </div>
                        </div>
                        </div>
                        
                        <div class="col-12 d-sm-none">
                        </div>
                        </div>
                        </div>
                        </div>
                        </div>
                        <div class="col-12 col-sm-3 col-lg-2 productTile" data-idx="21">
                        
                        <script type="text/javascript">//<!--
                        /* <![CDATA[ */
                        (function(){
                        try {
                            if(window.CQuotient) {
                            var cq_params = {};
                            
                            cq_params.cookieId = window.CQuotient.getCQCookieId();
                            cq_params.userId = window.CQuotient.getCQUserId();
                            cq_params.emailId = CQuotient.getCQHashedEmail();
                            cq_params.loginId = CQuotient.getCQHashedLogin();
                            cq_params.accumulate = true;
                            cq_params.products = [{
                                id: '5409202',
                                sku: ''
                            }];
                            cq_params.categoryId = 'mercearias';
                            cq_params.refinements = '[{\"name\":\"priceMin\",\"value\":\"0.01\"},{\"name\":\"priceMax\",\"value\":\"null\"},{\"name\":\"curr\",\"value\":\"EUR\"},{\"name\":\"Category\",\"value\":\"mercearias\"}]';
                            cq_params.personalized = 'false';
                            cq_params.sortingRule = 'FOOD_Mercearia';
                            cq_params.imageUUID = '__UNDEFINED__';
                            cq_params.realm = "BDVS";
                            cq_params.siteId = "continente";
                            cq_params.instanceType = "prd";
                            cq_params.queryLocale = "default";
                            cq_params.locale = window.CQuotient.locale;
                            
                            if(window.CQuotient.sendActivity)
                                window.CQuotient.sendActivity(CQuotient.clientId, 'viewCategory', cq_params);
                            else
                                window.CQuotient.activities.push({
                                    activityType: 'viewCategory',
                                    parameters: cq_params
                                });
                          }
                        } catch(err) {}
                        })();
                        /* ]]> */
                        // -->
                        </script>
                        <script type="text/javascript">//<!--
                        /* <![CDATA[ (viewCategoryProduct-active_data.js) */
                        (function(){
                        try {
                            if (dw.ac) {
                                var search_params = {};
                                search_params.persd = 'false';
                                search_params.refs = '[{\"name\":\"priceMin\",\"value\":\"0.01\"},{\"name\":\"priceMax\",\"value\":\"null\"},{\"name\":\"curr\",\"value\":\"EUR\"},{\"name\":\"Category\",\"value\":\"mercearias\"}]';
                                search_params.sort = 'FOOD_Mercearia';
                                search_params.imageUUID = '';
                                search_params.searchID = 'afeeff71-841d-471a-a4b6-1885a5ac2689';
                                search_params.locale = 'default';
                                search_params.queryLocale = 'default';
                                search_params.showProducts = 'true';
                                dw.ac.applyContext({category: "mercearias", searchData: search_params});
                                if (typeof dw.ac._scheduleDataSubmission === "function") {
                                    dw.ac._scheduleDataSubmission();
                                }
                            }
                        } catch(err) {}
                        })();
                        /* ]]> */
                        // -->
                        </script>
                        <script type="text/javascript">//<!--
                        /* <![CDATA[ (viewProduct-active_data.js) */
                        dw.ac._capture({id: "5409202", type: "searchhit"});
                        /* ]]> */
                        // -->
                        </script>
                        <div class="product" data-pid="5409202">
                        
                        <div class="product-tile pid-5409202 ct-product-tile data-layer-pushed" data-delay-time="3000" data-variants-mapping="[]" data-in-cart-msg="no carrinho" data-one-product-added="Adicionado ao carrinho" data-remove-from-cart-msg="Removido do carrinho" data-stay-open="6000.0" data-product-tile-impression="{&quot;name&quot;:&quot;5409202&quot;,&quot;id&quot;:&quot;5409202&quot;,&quot;price&quot;:4.49,&quot;brand&quot;:&quot;Gallo&quot;,&quot;category&quot;:[{&quot;category_level_1&quot;:&quot;Mercearia&quot;},{&quot;category_level_2&quot;:&quot;Azeite, Óleo e Vinagre&quot;},{&quot;category_level_3&quot;:&quot;Azeite&quot;}],&quot;variant&quot;:&quot;&quot;}">
                        <div class="ct-inner-tile-wrap row no-gutters justify-content-center align-content-start">
                        <div class="ct-product-tile-badge ct-product-tile-badge--promotional">
                        <img class="img-fluid lazyloaded" loading="lazy" data-src="https://www.continente.pt/dw/image/v2/BDVS_PRD/on/demandware.static/-/Sites-continente-Library/default/dwf5980f2e/images/badges/pvpr/col/pvpr.png?sw=60&amp;sh=42" alt="PVP Recomendado: €8,58/un" title="PVP Recomendado: €8,58/un" src="https://www.continente.pt/dw/image/v2/BDVS_PRD/on/demandware.static/-/Sites-continente-Library/default/dwf5980f2e/images/badges/pvpr/col/pvpr.png?sw=60&amp;sh=42">
                        <div class="ct-product-tile-badge-value-wrapper ct-product-tile-badge-value-wrapper--pvpr  ">
                        <div class="ct-product-tile-badge-addition d-flex flex-column align-self-center text-center">
                        <span class="ct-product-tile-badge-addition--sign">
                        +
                        </span>
                        <span class="ct-product-tile-badge-addition--text">
                        DE
                        </span>
                        </div>
                        <span class="ct-product-tile-badge-value--pvpr">
                        45
                        </span>
                        <span class="ct-product-tile-badge-value--pvpr-quantifier ">
                        %
                        </span>
                        </div>
                        </div>
                        
                        <div class="ct-image-container col-4 col-sm" data-confirmation-image="{&quot;url&quot;:&quot;https://www.continente.pt/dw/image/v2/BDVS_PRD/on/demandware.static/-/Sites-col-master-catalog/default/dw78aa1edd/images/col/540/5409202-frente.jpg?sw=87&amp;sh=80&quot;,&quot;fallbackimage&quot;:{&quot;url&quot;:&quot;https://www.continente.pt/dw/image/v2/BDVS_PRD/on/demandware.static/Sites-continente-Site/-/default/dw7c42b4da/images/noimagelarge_product.png?sw=87&amp;sh=80&quot;,&quot;title&quot;:&quot;Azeite Virgem Extra Sublime&quot;,&quot;alt&quot;:&quot;Azeite Virgem Extra Sublime&quot;},&quot;title&quot;:&quot;Azeite Virgem Extra Sublime&quot;,&quot;alt&quot;:&quot;Azeite Virgem Extra Sublime&quot;}">
                        <a href="https://www.continente.pt/produto/azeite-virgem-extra-sublime-gallo-5409202.html?cgid=mercearias">
                        <picture class="intrinsic intrinsic--square">
                        <img class="ct-tile-image lazyloaded" loading="lazy" onerror="this.onerror=null;this.src='/on/demandware.static/Sites-continente-Site/-/default/dw7c42b4da/images/noimagelarge_product.png';" data-src="https://www.continente.pt/dw/image/v2/BDVS_PRD/on/demandware.static/-/Sites-col-master-catalog/default/dw78aa1edd/images/col/540/5409202-frente.jpg?sw=280&amp;sh=280" alt="Azeite Virgem Extra Sublime" title="Azeite Virgem Extra Sublime" src="https://www.continente.pt/dw/image/v2/BDVS_PRD/on/demandware.static/-/Sites-col-master-catalog/default/dw78aa1edd/images/col/540/5409202-frente.jpg?sw=280&amp;sh=280">
                        </picture>
                        </a>
                        <div class="color-swatches d-flex" style="margin-left: 5px;">
                        <div class="swatches d-flex">
                        </div>
                        </div>
                        </div>
                        <div class="ct-tile-body col col-sm-auto ">
                        <div class="ct-pdp-details">
                        <div class="ct-pdp-link">
                        <a class="ct-tile--description" href="https://www.continente.pt/produto/azeite-virgem-extra-sublime-gallo-5409202.html?cgid=mercearias">Azeite Virgem Extra Sublime</a>
                        <div class="ct-tile--favorite-top d-sm-none">
                        <button class="wishlist-toggler guest-mode inactive button button--tertiary" data-pid="5409202" data-add-url="https://www.continente.pt/on/demandware.store/Sites-continente-Site/default/Wishlist-AddProduct?pid=5409202" data-toggle="tooltip" aria-label="Adicionar aos favoritos " data-original-title="Adicionar aos favoritos" data-placement="top">
                        <svg class="active-content" width="100%" height="100%" viewBox="0 0 20 22" fill="none" xmlns="http://www.w3.org/2000/svg">
                        <path fill-rule="evenodd" clip-rule="evenodd" d="M0 1.53052C0 0.685236 0.692171 0 1.54601 0H15.0736C15.9274 0 16.6196 0.685235 16.6196 1.53052V13.4064L15.8127 13.922L14.2658 14.2658L12.7189 13.4064L10.6054 14.3818C10.4994 14.2451 10.3327 14.157 10.1452 14.157H6.76329C6.4431 14.157 6.18354 14.414 6.18354 14.731C6.18354 15.0479 6.4431 15.3049 6.76329 15.3049H10.1452C10.2478 15.3049 10.3441 15.2785 10.4277 15.2322L10.3126 16.8439L13.2345 20.2793H1.54601C0.69217 20.2793 0 19.5941 0 18.7488V1.53052ZM6.18354 5.5483C6.18354 5.23132 6.4431 4.97436 6.76329 4.97436H12.3676C12.6878 4.97436 12.9473 5.23132 12.9473 5.5483C12.9473 5.86528 12.6878 6.12224 12.3676 6.12224H6.76329C6.4431 6.12224 6.18354 5.86528 6.18354 5.5483ZM6.76329 11.0961C6.4431 11.0961 6.18354 11.3531 6.18354 11.6701C6.18354 11.987 6.4431 12.244 6.76329 12.244H12.3676C12.6878 12.244 12.9473 11.987 12.9473 11.6701C12.9473 11.3531 12.6878 11.0961 12.3676 11.0961H6.76329ZM6.18354 8.60985C6.18354 8.29287 6.4431 8.03591 6.76329 8.03591H12.3676C12.6878 8.03591 12.9473 8.29287 12.9473 8.60985C12.9473 8.92684 12.6878 9.1838 12.3676 9.1838H6.76329C6.4431 9.1838 6.18354 8.92684 6.18354 8.60985ZM3.67118 5.5483C3.67118 5.23132 3.93075 4.97436 4.25093 4.97436H4.63743C4.95762 4.97436 5.21719 5.23132 5.21719 5.5483C5.21719 5.86528 4.95762 6.12224 4.63743 6.12224H4.25093C3.93075 6.12224 3.67118 5.86528 3.67118 5.5483ZM4.25093 11.0961C3.93075 11.0961 3.67118 11.3531 3.67118 11.6701C3.67118 11.987 3.93075 12.244 4.25093 12.244H4.63743C4.95762 12.244 5.21719 11.987 5.21719 11.6701C5.21719 11.3531 4.95762 11.0961 4.63743 11.0961H4.25093ZM3.67118 8.60985C3.67118 8.29287 3.93075 8.03591 4.25093 8.03591H4.63743C4.95762 8.03591 5.21719 8.29287 5.21719 8.60985C5.21719 8.92684 4.95762 9.1838 4.63743 9.1838H4.25093C3.93075 9.1838 3.67118 8.92684 3.67118 8.60985ZM4.25093 14.157C3.93075 14.157 3.67118 14.414 3.67118 14.731C3.67118 15.0479 3.93075 15.3049 4.25093 15.3049H4.63743C4.95762 15.3049 5.21719 15.0479 5.21719 14.731C5.21719 14.414 4.95762 14.157 4.63743 14.157H4.25093Z" fill="#EB0203"></path>
                        <path fill-rule="evenodd" clip-rule="evenodd" d="M14.6252 13.6363C13.4918 12.6215 11.7817 12.5264 10.6569 13.4792C9.12421 14.7764 9.34841 16.8912 10.4409 18.0122L14.0159 21.6742C14.2197 21.8832 14.4928 22 14.7822 22C15.0737 22 15.3448 21.8852 15.5486 21.6762L19.1236 18.0142C20.214 16.8933 20.4423 14.7785 18.9075 13.4792C17.7827 12.5283 16.0724 12.6217 14.9391 13.6365C14.8855 13.6845 14.8331 13.7345 14.7822 13.7866C14.7313 13.7345 14.6789 13.6843 14.6252 13.6363ZM18.1546 14.3522C19.0973 15.1508 18.9962 16.4896 18.2891 17.2173C18.2888 17.2175 18.2886 17.2177 18.2884 17.218L14.7832 20.8084L11.2753 17.2151C11.2752 17.215 11.2751 17.2149 11.2749 17.2148C10.5677 16.4887 10.4678 15.1495 11.4104 14.3518L11.4108 14.3514C12.0745 13.7892 13.2018 13.82 13.9488 14.5846L14.7822 15.4378L15.6157 14.5846C16.3617 13.8211 17.4896 13.79 18.1545 14.3521" fill="#EB0203"></path>
                        </svg>
                        <svg class="inactive-content" width="100%" height="100%" viewBox="0 0 20 23" fill="none" xmlns="http://www.w3.org/2000/svg">
                        <path fill-rule="evenodd" clip-rule="evenodd" d="M6.18408 5.77914C6.18408 5.46223 6.44363 5.20532 6.7638 5.20532H12.3678C12.6879 5.20532 12.9475 5.46223 12.9475 5.77914C12.9475 6.09606 12.6879 6.35297 12.3678 6.35297H6.7638C6.44363 6.35297 6.18408 6.09606 6.18408 5.77914Z" fill="#EB0203"></path>
                        <path fill-rule="evenodd" clip-rule="evenodd" d="M6.18408 11.9034C6.18408 11.5865 6.44363 11.3296 6.7638 11.3296H12.3678C12.6879 11.3296 12.9475 11.5865 12.9475 11.9034C12.9475 12.2202 12.6879 12.4771 12.3678 12.4771H6.7638C6.44363 12.4771 6.18408 12.2202 6.18408 11.9034Z" fill="#EB0203"></path>
                        <path fill-rule="evenodd" clip-rule="evenodd" d="M6.18408 8.84116C6.18408 8.52424 6.44363 8.26733 6.7638 8.26733H12.3678C12.6879 8.26733 12.9475 8.52424 12.9475 8.84116C12.9475 9.15807 12.6879 9.41498 12.3678 9.41498H6.7638C6.44363 9.41498 6.18408 9.15807 6.18408 8.84116Z" fill="#EB0203"></path>
                        <path fill-rule="evenodd" clip-rule="evenodd" d="M6.18408 14.9655C6.18408 14.6486 6.44363 14.3917 6.7638 14.3917H10.1455C10.4657 14.3917 10.7252 14.6486 10.7252 14.9655C10.7252 15.2825 10.4657 15.5394 10.1455 15.5394H6.7638C6.44363 15.5394 6.18408 15.2825 6.18408 14.9655Z" fill="#EB0203"></path>
                        <path fill-rule="evenodd" clip-rule="evenodd" d="M3.67139 5.77914C3.67139 5.46223 3.93094 5.20532 4.25111 5.20532H4.63759C4.95776 5.20532 5.21731 5.46223 5.21731 5.77914C5.21731 6.09606 4.95776 6.35297 4.63759 6.35297H4.25111C3.93094 6.35297 3.67139 6.09606 3.67139 5.77914Z" fill="#EB0203"></path>
                        <path fill-rule="evenodd" clip-rule="evenodd" d="M3.67139 11.9034C3.67139 11.5865 3.93094 11.3296 4.25111 11.3296H4.63759C4.95776 11.3296 5.21731 11.5865 5.21731 11.9034C5.21731 12.2202 4.95776 12.4771 4.63759 12.4771H4.25111C3.93094 12.4771 3.67139 12.2202 3.67139 11.9034Z" fill="#EB0203"></path>
                        <path fill-rule="evenodd" clip-rule="evenodd" d="M3.67139 8.84116C3.67139 8.52424 3.93094 8.26733 4.25111 8.26733H4.63759C4.95776 8.26733 5.21731 8.52424 5.21731 8.84116C5.21731 9.15807 4.95776 9.41498 4.63759 9.41498H4.25111C3.93094 9.41498 3.67139 9.15807 3.67139 8.84116Z" fill="#EB0203"></path>
                        <path fill-rule="evenodd" clip-rule="evenodd" d="M3.67139 14.9655C3.67139 14.6486 3.93094 14.3917 4.25111 14.3917H4.63759C4.95776 14.3917 5.21731 14.6486 5.21731 14.9655C5.21731 15.2825 4.95776 15.5394 4.63759 15.5394H4.25111C3.93094 15.5394 3.67139 15.2825 3.67139 14.9655Z" fill="#EB0203"></path>
                        <path fill-rule="evenodd" clip-rule="evenodd" d="M0 1.76033C0 0.914738 0.692131 0.229248 1.54592 0.229248H15.0727C15.9265 0.229248 16.6186 0.914738 16.6186 1.76033V11.2818C16.6186 11.5989 16.3591 11.8559 16.0389 11.8559C15.7187 11.8559 15.4592 11.5989 15.4592 11.2818V1.76033C15.4592 1.54893 15.2862 1.37756 15.0727 1.37756H1.54592C1.33247 1.37756 1.15944 1.54893 1.15944 1.76033V18.985C1.15944 19.1964 1.33247 19.3678 1.54592 19.3678H9.27551C9.59568 19.3678 9.85523 19.6249 9.85523 19.942C9.85523 20.2591 9.59568 20.5161 9.27551 20.5161H1.54592C0.692131 20.5161 0 19.8306 0 18.985V1.76033Z" fill="#EB0203"></path>
                        <path fill-rule="evenodd" clip-rule="evenodd" d="M14.6254 13.8718C13.4921 12.8567 11.7821 12.7615 10.6574 13.7147C9.12472 15.0124 9.34891 17.128 10.4413 18.2493L14.0161 21.9126C14.2199 22.1217 14.493 22.2386 14.7824 22.2386C15.0739 22.2386 15.3449 22.1238 15.5487 21.9147L19.1235 18.2514C20.2139 17.13 20.4422 15.0144 18.9075 13.7147C17.7827 12.7634 16.0726 12.8569 14.9392 13.872C14.8856 13.92 14.8333 13.9701 14.7824 14.0222C14.7314 13.97 14.6791 13.9199 14.6254 13.8718ZM18.1546 14.588C19.0972 15.3869 18.9961 16.7262 18.2891 17.4541C18.2888 17.4543 18.2886 17.4546 18.2884 17.4548L14.7834 21.0466L11.2757 17.452C11.2756 17.4519 11.2755 17.4517 11.2753 17.4516C10.5681 16.7252 10.4682 15.3856 11.4108 14.5876L11.4112 14.5872C12.0748 14.0248 13.202 14.0556 13.949 14.8205L14.7824 15.674L15.6158 14.8205C16.3618 14.0567 17.4896 14.0256 18.1545 14.5879" fill="#EB0203"></path>
                        </svg>
                        </button>
                        </div>
                        </div>
                        <p class="ct-tile--brand">Gallo</p>
                        <p class="ct-tile--quantity">emb. 75 cl</p>
                        </div>
                        <div class="ct-tile-bottom row no-gutters justify-content-between">
                        <div class="ct-price-wrap col-8 col-sm-12">
                        <div class="price js-product-price">
                        <div class="prices-wrapper">
                        <span class="sales ct-tile--price-primary ">
                        <span class="value" content="4.49">
                        <span class="ct-price-formatted">
                        €4,49
                        </span>
                        <span class="ct-m-unit">
                        /un
                        </span>
                        </span>
                        </span>
                        </div>
                        <div class="ct-tile--price-secondary">
                        <span class="ct-price-value">
                        €5,99
                        </span>
                        <span class="ct-m-unit">
                        /lt
                        </span>
                        </div>
                        <p class="ct-discount-amount ct-discount-amount-pvpr">PVP Recomendado: €8,58/un</p>
                        </div>
                        </div>
                        <div class="ct-tile-buy-section d-flex justify-content-center no-gutters col-auto col-sm-12">
                        <div class="col-2 d-sm-flex d-none">
                        <button class="wishlist-toggler guest-mode inactive button button--tertiary" data-pid="5409202" data-add-url="https://www.continente.pt/on/demandware.store/Sites-continente-Site/default/Wishlist-AddProduct?pid=5409202" data-toggle="tooltip" aria-label="Adicionar aos favoritos " data-original-title="Adicionar aos favoritos" data-placement="top">
                        <svg class="active-content" width="100%" height="100%" viewBox="0 0 20 22" fill="none" xmlns="http://www.w3.org/2000/svg">
                        <path fill-rule="evenodd" clip-rule="evenodd" d="M0 1.53052C0 0.685236 0.692171 0 1.54601 0H15.0736C15.9274 0 16.6196 0.685235 16.6196 1.53052V13.4064L15.8127 13.922L14.2658 14.2658L12.7189 13.4064L10.6054 14.3818C10.4994 14.2451 10.3327 14.157 10.1452 14.157H6.76329C6.4431 14.157 6.18354 14.414 6.18354 14.731C6.18354 15.0479 6.4431 15.3049 6.76329 15.3049H10.1452C10.2478 15.3049 10.3441 15.2785 10.4277 15.2322L10.3126 16.8439L13.2345 20.2793H1.54601C0.69217 20.2793 0 19.5941 0 18.7488V1.53052ZM6.18354 5.5483C6.18354 5.23132 6.4431 4.97436 6.76329 4.97436H12.3676C12.6878 4.97436 12.9473 5.23132 12.9473 5.5483C12.9473 5.86528 12.6878 6.12224 12.3676 6.12224H6.76329C6.4431 6.12224 6.18354 5.86528 6.18354 5.5483ZM6.76329 11.0961C6.4431 11.0961 6.18354 11.3531 6.18354 11.6701C6.18354 11.987 6.4431 12.244 6.76329 12.244H12.3676C12.6878 12.244 12.9473 11.987 12.9473 11.6701C12.9473 11.3531 12.6878 11.0961 12.3676 11.0961H6.76329ZM6.18354 8.60985C6.18354 8.29287 6.4431 8.03591 6.76329 8.03591H12.3676C12.6878 8.03591 12.9473 8.29287 12.9473 8.60985C12.9473 8.92684 12.6878 9.1838 12.3676 9.1838H6.76329C6.4431 9.1838 6.18354 8.92684 6.18354 8.60985ZM3.67118 5.5483C3.67118 5.23132 3.93075 4.97436 4.25093 4.97436H4.63743C4.95762 4.97436 5.21719 5.23132 5.21719 5.5483C5.21719 5.86528 4.95762 6.12224 4.63743 6.12224H4.25093C3.93075 6.12224 3.67118 5.86528 3.67118 5.5483ZM4.25093 11.0961C3.93075 11.0961 3.67118 11.3531 3.67118 11.6701C3.67118 11.987 3.93075 12.244 4.25093 12.244H4.63743C4.95762 12.244 5.21719 11.987 5.21719 11.6701C5.21719 11.3531 4.95762 11.0961 4.63743 11.0961H4.25093ZM3.67118 8.60985C3.67118 8.29287 3.93075 8.03591 4.25093 8.03591H4.63743C4.95762 8.03591 5.21719 8.29287 5.21719 8.60985C5.21719 8.92684 4.95762 9.1838 4.63743 9.1838H4.25093C3.93075 9.1838 3.67118 8.92684 3.67118 8.60985ZM4.25093 14.157C3.93075 14.157 3.67118 14.414 3.67118 14.731C3.67118 15.0479 3.93075 15.3049 4.25093 15.3049H4.63743C4.95762 15.3049 5.21719 15.0479 5.21719 14.731C5.21719 14.414 4.95762 14.157 4.63743 14.157H4.25093Z" fill="#EB0203"></path>
                        <path fill-rule="evenodd" clip-rule="evenodd" d="M14.6252 13.6363C13.4918 12.6215 11.7817 12.5264 10.6569 13.4792C9.12421 14.7764 9.34841 16.8912 10.4409 18.0122L14.0159 21.6742C14.2197 21.8832 14.4928 22 14.7822 22C15.0737 22 15.3448 21.8852 15.5486 21.6762L19.1236 18.0142C20.214 16.8933 20.4423 14.7785 18.9075 13.4792C17.7827 12.5283 16.0724 12.6217 14.9391 13.6365C14.8855 13.6845 14.8331 13.7345 14.7822 13.7866C14.7313 13.7345 14.6789 13.6843 14.6252 13.6363ZM18.1546 14.3522C19.0973 15.1508 18.9962 16.4896 18.2891 17.2173C18.2888 17.2175 18.2886 17.2177 18.2884 17.218L14.7832 20.8084L11.2753 17.2151C11.2752 17.215 11.2751 17.2149 11.2749 17.2148C10.5677 16.4887 10.4678 15.1495 11.4104 14.3518L11.4108 14.3514C12.0745 13.7892 13.2018 13.82 13.9488 14.5846L14.7822 15.4378L15.6157 14.5846C16.3617 13.8211 17.4896 13.79 18.1545 14.3521" fill="#EB0203"></path>
                        </svg>
                        <svg class="inactive-content" width="100%" height="100%" viewBox="0 0 20 23" fill="none" xmlns="http://www.w3.org/2000/svg">
                        <path fill-rule="evenodd" clip-rule="evenodd" d="M6.18408 5.77914C6.18408 5.46223 6.44363 5.20532 6.7638 5.20532H12.3678C12.6879 5.20532 12.9475 5.46223 12.9475 5.77914C12.9475 6.09606 12.6879 6.35297 12.3678 6.35297H6.7638C6.44363 6.35297 6.18408 6.09606 6.18408 5.77914Z" fill="#EB0203"></path>
                        <path fill-rule="evenodd" clip-rule="evenodd" d="M6.18408 11.9034C6.18408 11.5865 6.44363 11.3296 6.7638 11.3296H12.3678C12.6879 11.3296 12.9475 11.5865 12.9475 11.9034C12.9475 12.2202 12.6879 12.4771 12.3678 12.4771H6.7638C6.44363 12.4771 6.18408 12.2202 6.18408 11.9034Z" fill="#EB0203"></path>
                        <path fill-rule="evenodd" clip-rule="evenodd" d="M6.18408 8.84116C6.18408 8.52424 6.44363 8.26733 6.7638 8.26733H12.3678C12.6879 8.26733 12.9475 8.52424 12.9475 8.84116C12.9475 9.15807 12.6879 9.41498 12.3678 9.41498H6.7638C6.44363 9.41498 6.18408 9.15807 6.18408 8.84116Z" fill="#EB0203"></path>
                        <path fill-rule="evenodd" clip-rule="evenodd" d="M6.18408 14.9655C6.18408 14.6486 6.44363 14.3917 6.7638 14.3917H10.1455C10.4657 14.3917 10.7252 14.6486 10.7252 14.9655C10.7252 15.2825 10.4657 15.5394 10.1455 15.5394H6.7638C6.44363 15.5394 6.18408 15.2825 6.18408 14.9655Z" fill="#EB0203"></path>
                        <path fill-rule="evenodd" clip-rule="evenodd" d="M3.67139 5.77914C3.67139 5.46223 3.93094 5.20532 4.25111 5.20532H4.63759C4.95776 5.20532 5.21731 5.46223 5.21731 5.77914C5.21731 6.09606 4.95776 6.35297 4.63759 6.35297H4.25111C3.93094 6.35297 3.67139 6.09606 3.67139 5.77914Z" fill="#EB0203"></path>
                        <path fill-rule="evenodd" clip-rule="evenodd" d="M3.67139 11.9034C3.67139 11.5865 3.93094 11.3296 4.25111 11.3296H4.63759C4.95776 11.3296 5.21731 11.5865 5.21731 11.9034C5.21731 12.2202 4.95776 12.4771 4.63759 12.4771H4.25111C3.93094 12.4771 3.67139 12.2202 3.67139 11.9034Z" fill="#EB0203"></path>
                        <path fill-rule="evenodd" clip-rule="evenodd" d="M3.67139 8.84116C3.67139 8.52424 3.93094 8.26733 4.25111 8.26733H4.63759C4.95776 8.26733 5.21731 8.52424 5.21731 8.84116C5.21731 9.15807 4.95776 9.41498 4.63759 9.41498H4.25111C3.93094 9.41498 3.67139 9.15807 3.67139 8.84116Z" fill="#EB0203"></path>
                        <path fill-rule="evenodd" clip-rule="evenodd" d="M3.67139 14.9655C3.67139 14.6486 3.93094 14.3917 4.25111 14.3917H4.63759C4.95776 14.3917 5.21731 14.6486 5.21731 14.9655C5.21731 15.2825 4.95776 15.5394 4.63759 15.5394H4.25111C3.93094 15.5394 3.67139 15.2825 3.67139 14.9655Z" fill="#EB0203"></path>
                        <path fill-rule="evenodd" clip-rule="evenodd" d="M0 1.76033C0 0.914738 0.692131 0.229248 1.54592 0.229248H15.0727C15.9265 0.229248 16.6186 0.914738 16.6186 1.76033V11.2818C16.6186 11.5989 16.3591 11.8559 16.0389 11.8559C15.7187 11.8559 15.4592 11.5989 15.4592 11.2818V1.76033C15.4592 1.54893 15.2862 1.37756 15.0727 1.37756H1.54592C1.33247 1.37756 1.15944 1.54893 1.15944 1.76033V18.985C1.15944 19.1964 1.33247 19.3678 1.54592 19.3678H9.27551C9.59568 19.3678 9.85523 19.6249 9.85523 19.942C9.85523 20.2591 9.59568 20.5161 9.27551 20.5161H1.54592C0.692131 20.5161 0 19.8306 0 18.985V1.76033Z" fill="#EB0203"></path>
                        <path fill-rule="evenodd" clip-rule="evenodd" d="M14.6254 13.8718C13.4921 12.8567 11.7821 12.7615 10.6574 13.7147C9.12472 15.0124 9.34891 17.128 10.4413 18.2493L14.0161 21.9126C14.2199 22.1217 14.493 22.2386 14.7824 22.2386C15.0739 22.2386 15.3449 22.1238 15.5487 21.9147L19.1235 18.2514C20.2139 17.13 20.4422 15.0144 18.9075 13.7147C17.7827 12.7634 16.0726 12.8569 14.9392 13.872C14.8856 13.92 14.8333 13.9701 14.7824 14.0222C14.7314 13.97 14.6791 13.9199 14.6254 13.8718ZM18.1546 14.588C19.0972 15.3869 18.9961 16.7262 18.2891 17.4541C18.2888 17.4543 18.2886 17.4546 18.2884 17.4548L14.7834 21.0466L11.2757 17.452C11.2756 17.4519 11.2755 17.4517 11.2753 17.4516C10.5681 16.7252 10.4682 15.3856 11.4108 14.5876L11.4112 14.5872C12.0748 14.0248 13.202 14.0556 13.949 14.8205L14.7824 15.674L15.6158 14.8205C16.3618 14.0567 17.4896 14.0256 18.1545 14.5879" fill="#EB0203"></path>
                        </svg>
                        </button>
                        </div>
                        <div class="col-sm-10 col-12">
                        <div class="ct-tile-quantity d-none" data-pid="5409202">
                        <input type="hidden" class="add-to-cart-url" value="https://www.continente.pt/on/demandware.store/Sites-continente-Site/default/Cart-AddProduct">
                        <div class="d-none tile-delete-confirmation-btn" data-pid="5409202" data-delay-time="3000" data-in-cart-msg="no carrinho" data-one-product-added="Adicionado ao carrinho" data-remove-from-cart-msg="Removido do carrinho" data-stay-open="6000.0" data-confirmation-image="{&quot;url&quot;:&quot;https://www.continente.pt/dw/image/v2/BDVS_PRD/on/demandware.static/-/Sites-col-master-catalog/default/dw78aa1edd/images/col/540/5409202-frente.jpg?sw=87&amp;sh=80&quot;,&quot;fallbackimage&quot;:{&quot;url&quot;:&quot;https://www.continente.pt/dw/image/v2/BDVS_PRD/on/demandware.static/Sites-continente-Site/-/default/dw7c42b4da/images/noimagelarge_product.png?sw=87&amp;sh=80&quot;,&quot;title&quot;:&quot;Azeite Virgem Extra Sublime&quot;,&quot;alt&quot;:&quot;Azeite Virgem Extra Sublime&quot;},&quot;title&quot;:&quot;Azeite Virgem Extra Sublime&quot;,&quot;alt&quot;:&quot;Azeite Virgem Extra Sublime&quot;}"></div>
                        <div class="ct-tile-quantity-update quantity-update product-qty-vue" data-remove-action="https://www.continente.pt/on/demandware.store/Sites-continente-Site/default/Cart-RemoveProductLineItem" data-action="https://www.continente.pt/on/demandware.store/Sites-continente-Site/default/Cart-UpdateQuantity" data-dimension-update="https://www.continente.pt/on/demandware.store/Sites-continente-Site/default/Cart-DimensionUpdate" data-pid="5409202" data-uuid="fd9bcd26f79803070266c8f9a9" data-add-delay="500.0" data-measure-options="{&quot;hasConversionRate&quot;:false,&quot;hasAlternativeSaleUnit&quot;:false,&quot;unitConversionRate&quot;:0,&quot;minOrderQuantity&quot;:1,&quot;stepQuantity&quot;:1,&quot;primaryunit&quot;:&quot;un&quot;,&quot;secondaryunit&quot;:&quot;lt&quot;,&quot;selectedunit&quot;:&quot;primary&quot;,&quot;maxNumberOfUnitsPerSale&quot;:50}" data-price-available="null" :data-has-error="isMaxQtyReached || isMinQtyReached || qtySelectedMoreThanOne">
                        <template v-show="prodUnits">
                        <div class="quantity-input-wrapper has-units">
                        <label class="visually-hidden" :for="'quantity-' + pid + additionalTag">
                        Quantidade no carrinho
                        </label>
                        <input :ref="'quantityInput-' + pid + additionalTag" class="add-to-cart-quantity form-control ct-form-input text-center" inputmode="numeric" :class="{'is-invalid': isInvalid}" :data-pid="pid + additionalTag" :name="'quantity-' + pid + additionalTag" type="text" aria-label="Insira a quantidade" title="" v-model="displayValue" @change="updateQuantity" @focus="updateQtyFormat" @blur="restoreQtyFormat" :disabled="!isPriceAvailable">
                        <span class="quantity-icon quantity-icon--minus">
                        <button class="decrease-quantity-btn" @click="updateQuantity" :disabled="!isPriceAvailable" role="button" aria-label="Reduzir quantidade">
                        <i class="css-math-minus"></i>
                        </button>
                        </span>
                        <span class="quantity-icon quantity-icon--plus">
                        <button class="increase-quantity-btn" @click="updateQuantity" :disabled="isMaxQtyReached || !isPriceAvailable" role="button" aria-label="Aumentar quantidade">
                        <i class="css-math-plus"></i>
                        </button>
                        <span class="quantity-btn-disabled-placeholder"></span>
                        </span>
                        <template v-if="isPDP">
                        <span class="quantity-error ct-span-error text-sm-center product-max-allocation" v-if="isMaxQtyReached">
                        Quantidade máxima atingida
                        </span>
                        <span class="quantity-error ct-span-product text-sm-center product-allocation" v-if="!isMinQtyReached &amp;&amp; !isMaxQtyReached">
                        {{quantitySelected}} no carrinho
                        </span>
                        <span class="quantity-error ct-span-error text-sm-center product-min-allocation" :data-pid="pid" v-if="isMinQtyReached &amp;&amp; !isMaxQtyReached">
                        Quantidade mínima atingida
                        </span>
                        </template>
                        </div>
                        <template v-if="showNotes">
                        <div class="add-note-link-container ">
                        <div class="add-note">
                        <a href="/produto/azeite-virgem-extra-sublime-gallo-5409202.html?showNote=true" class="ct-add-note-redirect-pdp" aria-label="Adicionar comentário">
                        <span class="svg-wrapper svg-icon-notes" style="width:19px; height:20px">
                        <svg class="svg-inline icon-notes" viewBox="0 0 28 30" xmlns="http://www.w3.org/2000/svg" width="100%" height="100%"><path d="M21.738 0C22.985 0 24 1.04 24 2.319V12.47c0 .469-.37.848-.828.848-.457 0-.827-.38-.827-.848V2.32c0-.343-.273-.622-.607-.622H2.262c-.334 0-.607.279-.607.622V27.68c0 .343.273.622.607.622h7.81c.457 0 .827.38.827.849 0 .468-.37.848-.827.848h-7.81C1.015 30 0 28.96 0 27.681V2.32C0 1.04 1.015 0 2.262 0h19.476zm2.844 16.004l.227.007c.823.053 1.589.39 2.176.964.64.627.993 1.46.993 2.349 0 .888-.353 1.722-.993 2.348l-6.83 6.665c-.11.108-.247.186-.397.226l-5.032 1.363c-.078.021-.16.032-.241.032-.242 0-.478-.097-.647-.266-.23-.231-.314-.566-.218-.874l1.49-4.798c.044-.139.122-.266.227-.369l6.844-6.677c.64-.625 1.493-.97 2.401-.97zm-2.886 3.94l-4.922 4.802-.947 3.048 3.22-.872 4.897-4.78-2.248-2.197zm2.887-2.174c-.425 0-.824.162-1.124.455l-.484.472 2.248 2.197.484-.472c.62-.606.62-1.591 0-2.197l-.117-.104c-.283-.227-.636-.35-1.007-.35zm-10.839.022c.498 0 .904.396.904.883 0 .488-.406.884-.904.884H5.946c-.499 0-.904-.396-.904-.884 0-.487.405-.883.904-.883zm5.042-4.876c.498 0 .904.397.904.884s-.406.884-.904.884H5.946c-.499 0-.904-.397-.904-.884s.405-.884.904-.884zm0-4.875c.498 0 .904.396.904.884 0 .487-.406.883-.904.883H5.946c-.499 0-.904-.396-.904-.883 0-.488.405-.884.904-.884z" fill="#EB0203" fill-rule="evenodd"></path></svg>
                        </span>
                        <div class="available-note d-none"></div>
                        </a>
                        </div>
                        </div>
                        </template>
                        <div class="measurement-unit-section" v-if="isPriceAvailable &amp;&amp; prodUnits ? prodUnits.hasAlternativeUnit : false">
                        <div class="ct-form-radio" @click="setDimension">
                        <input type="radio" title="" class="ct-form-check-input product-measurement-unit" :data-type="prodUnits.selectedUnit == prodUnits.secondaryUnit ? 'primary' : ''" :id="prodUnits.secondaryUnit + '-' + pid + '-measurement-unit-ptile' + additionalTag" :name="'measurement-unit-' + pid + '-ptile' + additionalTag" :value="prodUnits.secondaryUnit" v-model="prodUnits.selectedUnit">
                        <label :class="prodUnits.secondaryUnit + '-label ct-form-check-label mb-0'" :for="prodUnits.secondaryUnit + '-' + pid + '-measurement-unit-ptile' + additionalTag">
                        {{prodUnits.secondaryUnit}}
                        </label>
                        <span class="checkmark"></span>
                        </div>
                        <div class="ct-form-radio" @click="setDimension">
                        <input type="radio" title="" class="ct-form-check-input product-measurement-unit" :data-type="prodUnits.selectedUnit == prodUnits.primaryUnit ? 'primary' : ''" :id="prodUnits.primaryUnit + '-' + pid + '-measurement-unit-ptile' + additionalTag" :name="'measurement-unit-' + pid + '-ptile' + additionalTag" :value="prodUnits.primaryUnit" v-model="prodUnits.selectedUnit">
                        <label :class="prodUnits.primaryUnit + '-label ct-form-check-label mb-0'" :for="prodUnits.primaryUnit + '-' + pid + '-measurement-unit-ptile' + additionalTag">
                        {{prodUnits.primaryUnit}}
                        </label>
                        <span class="checkmark"></span>
                        </div>
                        </div>
                        <template v-if="!isPDP &amp;&amp; isPriceAvailable">
                        <span class="quantity-error ct-span-error product-max-allocation" v-if="isMaxQtyReached">
                        Quantidade máxima atingida
                        </span>
                        <span class="quantity-error ct-span-product product-allocation" v-if="!isMinQtyReached &amp;&amp; !isMaxQtyReached">
                        {{quantitySelected}} no carrinho
                        </span>
                        <span class="quantity-error ct-span-error product-min-allocation" :data-pid="pid" v-if="isMinQtyReached &amp;&amp; !isMaxQtyReached">
                        Quantidade mínima atingida
                        </span>
                        </template>
                        </template>
                        </div>
                        <input class="quantity-value-mask d-none" name="quantity" type="number" min="0" value="">
                        </div>
                        <button type="button" class="add-to-cart button js-add-to-cart js-add-to-cart-tile 5409202 button--primary dynamic-layout-btn" data-toggle="modal" data-target="#chooseBonusProductModal" data-pid="5409202" data-quantity-value="null" aria-label="Carrinho">
                        <span class="d-block d-sm-none">
                        <span class="svg-wrapper svg-icon-cart" style="width:20px; height:20px">
                        <svg class="svg-inline icon-cart" xmlns="http://www.w3.org/2000/svg" viewBox="0 0 500 500" width="100%" height="100%"><path fill="#EB0203" fill-rule="evenodd" d="M 485.67317,94.386311 C 476.37798,83.847129 463.09468,78.03348 448.30404,78.03348 H 90.690813 L 87.079511,51.327997 C 83.185582,22.539551 62.962285,0 41.011841,0 H 14.727836 C 6.563151,0 0,6.5286975 0,14.580758 c 0,8.05206 6.5945535,14.580758 14.727836,14.580758 h 26.284005 c 4.710398,0 14.696435,9.855222 16.894619,26.021523 L 100.01739,368.0631 c 1.88416,13.77244 9.01256,26.70549 20.1605,36.37417 8.25889,7.15046 18.02511,11.9071 28.26237,13.89679 -4.17655,7.58572 -6.53175,16.25957 -6.53175,25.493 0,29.53459 24.27424,53.59751 54.13815,53.59751 29.8325,0 54.13814,-24.03184 54.13814,-53.59751 0,-8.79818 -2.19818,-17.09897 -5.9979,-24.43598 h 77.12488 c -3.79973,7.33701 -5.96652,15.6378 -5.96652,24.43598 0,29.53459 24.27424,53.59751 54.13817,53.59751 29.83249,0 54.13814,-24.03184 54.13814,-53.59751 0,-8.79818 -2.1982,-17.09897 -5.9979,-24.43598 h 38.56243 c 8.13328,0 14.72783,-6.5287 14.72783,-14.61183 0,-8.02098 -6.59455,-14.54967 -14.72783,-14.54967 H 159.24277 c -14.38241,0 -28.13677,-11.90711 -30.02092,-26.02153 l -3.07746,-22.88154 h 290.6314 c 14.03698,0 27.94834,-5.28513 39.06488,-14.95381 11.11652,-9.6376 18.27632,-22.57065 20.16048,-36.37417 l 21.10259,-156.78201 c 1.94694,-14.51858 -2.10398,-28.29103 -11.43057,-38.861299 z M 220.76053,443.82706 c 0,13.49265 -11.08513,24.46709 -24.68247,24.46709 -13.62874,0 -24.71387,-10.97444 -24.71387,-24.46709 0,-13.49262 11.08513,-24.43598 24.71387,-24.43598 13.59734,0 24.68247,10.94336 24.68247,24.43598 z m 173.43675,0 c 0,13.49265 -11.08512,24.46709 -24.68245,24.46709 -13.62876,0 -24.71388,-10.97444 -24.71388,-24.46709 0,-13.49262 11.08512,-24.43598 24.71388,-24.43598 13.59733,0 24.68245,10.94336 24.68245,24.43598 z m 73.7648,-314.46558 -21.13397,156.782 c -1.88416,14.11442 -15.63851,26.05261 -30.02091,26.05261 H 122.25046 L 94.616142,107.19499 H 448.33544 c 6.18632,0 11.61896,2.2695 15.23028,6.37326 3.64269,4.13484 5.21283,9.73086 4.39636,15.79323 z"></path></svg>
                        </span>
                        </span>
                        <span class="add-to-cart--text d-none d-sm-block">Carrinho</span>
                        </button>
                        </div>
                        </div>
                        </div>
                        </div>
                        
                        <div class="col-12 d-sm-none">
                        </div>
                        </div>
                        </div>
                        </div>
                        </div>
                        <div class="col-12 col-sm-3 col-lg-2 productTile" data-idx="22">
                        
                        <script type="text/javascript">//<!--
                        /* <![CDATA[ */
                        (function(){
                        try {
                            if(window.CQuotient) {
                            var cq_params = {};
                            
                            cq_params.cookieId = window.CQuotient.getCQCookieId();
                            cq_params.userId = window.CQuotient.getCQUserId();
                            cq_params.emailId = CQuotient.getCQHashedEmail();
                            cq_params.loginId = CQuotient.getCQHashedLogin();
                            cq_params.accumulate = true;
                            cq_params.products = [{
                                id: '7082533',
                                sku: ''
                            }];
                            cq_params.categoryId = 'mercearias';
                            cq_params.refinements = '[{\"name\":\"priceMin\",\"value\":\"0.01\"},{\"name\":\"priceMax\",\"value\":\"null\"},{\"name\":\"curr\",\"value\":\"EUR\"},{\"name\":\"Category\",\"value\":\"mercearias\"}]';
                            cq_params.personalized = 'false';
                            cq_params.sortingRule = 'FOOD_Mercearia';
                            cq_params.imageUUID = '__UNDEFINED__';
                            cq_params.realm = "BDVS";
                            cq_params.siteId = "continente";
                            cq_params.instanceType = "prd";
                            cq_params.queryLocale = "default";
                            cq_params.locale = window.CQuotient.locale;
                            
                            if(window.CQuotient.sendActivity)
                                window.CQuotient.sendActivity(CQuotient.clientId, 'viewCategory', cq_params);
                            else
                                window.CQuotient.activities.push({
                                    activityType: 'viewCategory',
                                    parameters: cq_params
                                });
                          }
                        } catch(err) {}
                        })();
                        /* ]]> */
                        // -->
                        </script>
                        <script type="text/javascript">//<!--
                        /* <![CDATA[ (viewCategoryProduct-active_data.js) */
                        (function(){
                        try {
                            if (dw.ac) {
                                var search_params = {};
                                search_params.persd = 'false';
                                search_params.refs = '[{\"name\":\"priceMin\",\"value\":\"0.01\"},{\"name\":\"priceMax\",\"value\":\"null\"},{\"name\":\"curr\",\"value\":\"EUR\"},{\"name\":\"Category\",\"value\":\"mercearias\"}]';
                                search_params.sort = 'FOOD_Mercearia';
                                search_params.imageUUID = '';
                                search_params.searchID = 'afeeff71-841d-471a-a4b6-1885a5ac2689';
                                search_params.locale = 'default';
                                search_params.queryLocale = 'default';
                                search_params.showProducts = 'true';
                                dw.ac.applyContext({category: "mercearias", searchData: search_params});
                                if (typeof dw.ac._scheduleDataSubmission === "function") {
                                    dw.ac._scheduleDataSubmission();
                                }
                            }
                        } catch(err) {}
                        })();
                        /* ]]> */
                        // -->
                        </script>
                        <script type="text/javascript">//<!--
                        /* <![CDATA[ (viewProduct-active_data.js) */
                        dw.ac._capture({id: "7082533", type: "searchhit"});
                        /* ]]> */
                        // -->
                        </script>
                        <div class="product" data-pid="7082533">
                        <div class="product-tile pid-7082533 ct-product-tile data-layer-pushed" data-delay-time="3000" data-variants-mapping="[]" data-in-cart-msg="no carrinho" data-one-product-added="Adicionado ao carrinho" data-remove-from-cart-msg="Removido do carrinho" data-stay-open="6000.0" data-product-tile-impression="{&quot;name&quot;:&quot;7082533&quot;,&quot;id&quot;:&quot;7082533&quot;,&quot;price&quot;:3.09,&quot;brand&quot;:&quot;Continente&quot;,&quot;category&quot;:[{&quot;category_level_1&quot;:&quot;Mercearia&quot;},{&quot;category_level_2&quot;:&quot;Azeite, Óleo e Vinagre&quot;},{&quot;category_level_3&quot;:&quot;Azeite&quot;}],&quot;variant&quot;:&quot;&quot;}">
                        <div class="ct-inner-tile-wrap row no-gutters justify-content-center align-content-start">
                        
                        <div class="ct-image-container col-4 col-sm" data-confirmation-image="{&quot;url&quot;:&quot;https://www.continente.pt/dw/image/v2/BDVS_PRD/on/demandware.static/-/Sites-col-master-catalog/default/dwca7ed04f/images/col/708/7082533-frente.jpg?sw=87&amp;sh=80&quot;,&quot;fallbackimage&quot;:{&quot;url&quot;:&quot;https://www.continente.pt/dw/image/v2/BDVS_PRD/on/demandware.static/Sites-continente-Site/-/default/dw7c42b4da/images/noimagelarge_product.png?sw=87&amp;sh=80&quot;,&quot;title&quot;:&quot;Azeite&quot;,&quot;alt&quot;:&quot;Azeite&quot;},&quot;title&quot;:&quot;Azeite&quot;,&quot;alt&quot;:&quot;Azeite&quot;}">
                        <a href="https://www.continente.pt/produto/azeite-continente-7082533.html?cgid=mercearias">
                        <picture class="intrinsic intrinsic--square">
                        <img class="ct-tile-image lazyloaded" loading="lazy" onerror="this.onerror=null;this.src='/on/demandware.static/Sites-continente-Site/-/default/dw7c42b4da/images/noimagelarge_product.png';" data-src="https://www.continente.pt/dw/image/v2/BDVS_PRD/on/demandware.static/-/Sites-col-master-catalog/default/dwca7ed04f/images/col/708/7082533-frente.jpg?sw=280&amp;sh=280" alt="Azeite" title="Azeite" src="https://www.continente.pt/dw/image/v2/BDVS_PRD/on/demandware.static/-/Sites-col-master-catalog/default/dwca7ed04f/images/col/708/7082533-frente.jpg?sw=280&amp;sh=280">
                        </picture>
                        </a>
                        <div class=" ct-product-tile-badge ct-product-tile-badge--general">
                        <img class="img-fluid ct-tooltip-trigger lazyloaded" loading="lazy" data-src="https://www.continente.pt/dw/image/v2/BDVS_PRD/on/demandware.static/-/Sites-continente-Library/default/dw62d4c957/images/badges/general/col/madein.png?sw=25&amp;sh=25" alt="Crachá do produto" title="" data-toggle="tooltip" data-placement="right" data-original-title="Produzido em Portugal" src="https://www.continente.pt/dw/image/v2/BDVS_PRD/on/demandware.static/-/Sites-continente-Library/default/dw62d4c957/images/badges/general/col/madein.png?sw=25&amp;sh=25">
                        </div>
                        <div class="color-swatches d-flex" style="margin-left: 5px;">
                        <div class="swatches d-flex">
                        </div>
                        </div>
                        </div>
                        <div class="ct-tile-body col col-sm-auto ">
                        <div class="ct-pdp-details">
                        <div class="ct-pdp-link">
                        <a class="ct-tile--description" href="https://www.continente.pt/produto/azeite-continente-7082533.html?cgid=mercearias">Azeite</a>
                        <div class="ct-tile--favorite-top d-sm-none">
                        <button class="wishlist-toggler guest-mode inactive button button--tertiary" data-pid="7082533" data-add-url="https://www.continente.pt/on/demandware.store/Sites-continente-Site/default/Wishlist-AddProduct?pid=7082533" data-toggle="tooltip" aria-label="Adicionar aos favoritos " data-original-title="Adicionar aos favoritos" data-placement="top">
                        <svg class="active-content" width="100%" height="100%" viewBox="0 0 20 22" fill="none" xmlns="http://www.w3.org/2000/svg">
                        <path fill-rule="evenodd" clip-rule="evenodd" d="M0 1.53052C0 0.685236 0.692171 0 1.54601 0H15.0736C15.9274 0 16.6196 0.685235 16.6196 1.53052V13.4064L15.8127 13.922L14.2658 14.2658L12.7189 13.4064L10.6054 14.3818C10.4994 14.2451 10.3327 14.157 10.1452 14.157H6.76329C6.4431 14.157 6.18354 14.414 6.18354 14.731C6.18354 15.0479 6.4431 15.3049 6.76329 15.3049H10.1452C10.2478 15.3049 10.3441 15.2785 10.4277 15.2322L10.3126 16.8439L13.2345 20.2793H1.54601C0.69217 20.2793 0 19.5941 0 18.7488V1.53052ZM6.18354 5.5483C6.18354 5.23132 6.4431 4.97436 6.76329 4.97436H12.3676C12.6878 4.97436 12.9473 5.23132 12.9473 5.5483C12.9473 5.86528 12.6878 6.12224 12.3676 6.12224H6.76329C6.4431 6.12224 6.18354 5.86528 6.18354 5.5483ZM6.76329 11.0961C6.4431 11.0961 6.18354 11.3531 6.18354 11.6701C6.18354 11.987 6.4431 12.244 6.76329 12.244H12.3676C12.6878 12.244 12.9473 11.987 12.9473 11.6701C12.9473 11.3531 12.6878 11.0961 12.3676 11.0961H6.76329ZM6.18354 8.60985C6.18354 8.29287 6.4431 8.03591 6.76329 8.03591H12.3676C12.6878 8.03591 12.9473 8.29287 12.9473 8.60985C12.9473 8.92684 12.6878 9.1838 12.3676 9.1838H6.76329C6.4431 9.1838 6.18354 8.92684 6.18354 8.60985ZM3.67118 5.5483C3.67118 5.23132 3.93075 4.97436 4.25093 4.97436H4.63743C4.95762 4.97436 5.21719 5.23132 5.21719 5.5483C5.21719 5.86528 4.95762 6.12224 4.63743 6.12224H4.25093C3.93075 6.12224 3.67118 5.86528 3.67118 5.5483ZM4.25093 11.0961C3.93075 11.0961 3.67118 11.3531 3.67118 11.6701C3.67118 11.987 3.93075 12.244 4.25093 12.244H4.63743C4.95762 12.244 5.21719 11.987 5.21719 11.6701C5.21719 11.3531 4.95762 11.0961 4.63743 11.0961H4.25093ZM3.67118 8.60985C3.67118 8.29287 3.93075 8.03591 4.25093 8.03591H4.63743C4.95762 8.03591 5.21719 8.29287 5.21719 8.60985C5.21719 8.92684 4.95762 9.1838 4.63743 9.1838H4.25093C3.93075 9.1838 3.67118 8.92684 3.67118 8.60985ZM4.25093 14.157C3.93075 14.157 3.67118 14.414 3.67118 14.731C3.67118 15.0479 3.93075 15.3049 4.25093 15.3049H4.63743C4.95762 15.3049 5.21719 15.0479 5.21719 14.731C5.21719 14.414 4.95762 14.157 4.63743 14.157H4.25093Z" fill="#EB0203"></path>
                        <path fill-rule="evenodd" clip-rule="evenodd" d="M14.6252 13.6363C13.4918 12.6215 11.7817 12.5264 10.6569 13.4792C9.12421 14.7764 9.34841 16.8912 10.4409 18.0122L14.0159 21.6742C14.2197 21.8832 14.4928 22 14.7822 22C15.0737 22 15.3448 21.8852 15.5486 21.6762L19.1236 18.0142C20.214 16.8933 20.4423 14.7785 18.9075 13.4792C17.7827 12.5283 16.0724 12.6217 14.9391 13.6365C14.8855 13.6845 14.8331 13.7345 14.7822 13.7866C14.7313 13.7345 14.6789 13.6843 14.6252 13.6363ZM18.1546 14.3522C19.0973 15.1508 18.9962 16.4896 18.2891 17.2173C18.2888 17.2175 18.2886 17.2177 18.2884 17.218L14.7832 20.8084L11.2753 17.2151C11.2752 17.215 11.2751 17.2149 11.2749 17.2148C10.5677 16.4887 10.4678 15.1495 11.4104 14.3518L11.4108 14.3514C12.0745 13.7892 13.2018 13.82 13.9488 14.5846L14.7822 15.4378L15.6157 14.5846C16.3617 13.8211 17.4896 13.79 18.1545 14.3521" fill="#EB0203"></path>
                        </svg>
                        <svg class="inactive-content" width="100%" height="100%" viewBox="0 0 20 23" fill="none" xmlns="http://www.w3.org/2000/svg">
                        <path fill-rule="evenodd" clip-rule="evenodd" d="M6.18408 5.77914C6.18408 5.46223 6.44363 5.20532 6.7638 5.20532H12.3678C12.6879 5.20532 12.9475 5.46223 12.9475 5.77914C12.9475 6.09606 12.6879 6.35297 12.3678 6.35297H6.7638C6.44363 6.35297 6.18408 6.09606 6.18408 5.77914Z" fill="#EB0203"></path>
                        <path fill-rule="evenodd" clip-rule="evenodd" d="M6.18408 11.9034C6.18408 11.5865 6.44363 11.3296 6.7638 11.3296H12.3678C12.6879 11.3296 12.9475 11.5865 12.9475 11.9034C12.9475 12.2202 12.6879 12.4771 12.3678 12.4771H6.7638C6.44363 12.4771 6.18408 12.2202 6.18408 11.9034Z" fill="#EB0203"></path>
                        <path fill-rule="evenodd" clip-rule="evenodd" d="M6.18408 8.84116C6.18408 8.52424 6.44363 8.26733 6.7638 8.26733H12.3678C12.6879 8.26733 12.9475 8.52424 12.9475 8.84116C12.9475 9.15807 12.6879 9.41498 12.3678 9.41498H6.7638C6.44363 9.41498 6.18408 9.15807 6.18408 8.84116Z" fill="#EB0203"></path>
                        <path fill-rule="evenodd" clip-rule="evenodd" d="M6.18408 14.9655C6.18408 14.6486 6.44363 14.3917 6.7638 14.3917H10.1455C10.4657 14.3917 10.7252 14.6486 10.7252 14.9655C10.7252 15.2825 10.4657 15.5394 10.1455 15.5394H6.7638C6.44363 15.5394 6.18408 15.2825 6.18408 14.9655Z" fill="#EB0203"></path>
                        <path fill-rule="evenodd" clip-rule="evenodd" d="M3.67139 5.77914C3.67139 5.46223 3.93094 5.20532 4.25111 5.20532H4.63759C4.95776 5.20532 5.21731 5.46223 5.21731 5.77914C5.21731 6.09606 4.95776 6.35297 4.63759 6.35297H4.25111C3.93094 6.35297 3.67139 6.09606 3.67139 5.77914Z" fill="#EB0203"></path>
                        <path fill-rule="evenodd" clip-rule="evenodd" d="M3.67139 11.9034C3.67139 11.5865 3.93094 11.3296 4.25111 11.3296H4.63759C4.95776 11.3296 5.21731 11.5865 5.21731 11.9034C5.21731 12.2202 4.95776 12.4771 4.63759 12.4771H4.25111C3.93094 12.4771 3.67139 12.2202 3.67139 11.9034Z" fill="#EB0203"></path>
                        <path fill-rule="evenodd" clip-rule="evenodd" d="M3.67139 8.84116C3.67139 8.52424 3.93094 8.26733 4.25111 8.26733H4.63759C4.95776 8.26733 5.21731 8.52424 5.21731 8.84116C5.21731 9.15807 4.95776 9.41498 4.63759 9.41498H4.25111C3.93094 9.41498 3.67139 9.15807 3.67139 8.84116Z" fill="#EB0203"></path>
                        <path fill-rule="evenodd" clip-rule="evenodd" d="M3.67139 14.9655C3.67139 14.6486 3.93094 14.3917 4.25111 14.3917H4.63759C4.95776 14.3917 5.21731 14.6486 5.21731 14.9655C5.21731 15.2825 4.95776 15.5394 4.63759 15.5394H4.25111C3.93094 15.5394 3.67139 15.2825 3.67139 14.9655Z" fill="#EB0203"></path>
                        <path fill-rule="evenodd" clip-rule="evenodd" d="M0 1.76033C0 0.914738 0.692131 0.229248 1.54592 0.229248H15.0727C15.9265 0.229248 16.6186 0.914738 16.6186 1.76033V11.2818C16.6186 11.5989 16.3591 11.8559 16.0389 11.8559C15.7187 11.8559 15.4592 11.5989 15.4592 11.2818V1.76033C15.4592 1.54893 15.2862 1.37756 15.0727 1.37756H1.54592C1.33247 1.37756 1.15944 1.54893 1.15944 1.76033V18.985C1.15944 19.1964 1.33247 19.3678 1.54592 19.3678H9.27551C9.59568 19.3678 9.85523 19.6249 9.85523 19.942C9.85523 20.2591 9.59568 20.5161 9.27551 20.5161H1.54592C0.692131 20.5161 0 19.8306 0 18.985V1.76033Z" fill="#EB0203"></path>
                        <path fill-rule="evenodd" clip-rule="evenodd" d="M14.6254 13.8718C13.4921 12.8567 11.7821 12.7615 10.6574 13.7147C9.12472 15.0124 9.34891 17.128 10.4413 18.2493L14.0161 21.9126C14.2199 22.1217 14.493 22.2386 14.7824 22.2386C15.0739 22.2386 15.3449 22.1238 15.5487 21.9147L19.1235 18.2514C20.2139 17.13 20.4422 15.0144 18.9075 13.7147C17.7827 12.7634 16.0726 12.8569 14.9392 13.872C14.8856 13.92 14.8333 13.9701 14.7824 14.0222C14.7314 13.97 14.6791 13.9199 14.6254 13.8718ZM18.1546 14.588C19.0972 15.3869 18.9961 16.7262 18.2891 17.4541C18.2888 17.4543 18.2886 17.4546 18.2884 17.4548L14.7834 21.0466L11.2757 17.452C11.2756 17.4519 11.2755 17.4517 11.2753 17.4516C10.5681 16.7252 10.4682 15.3856 11.4108 14.5876L11.4112 14.5872C12.0748 14.0248 13.202 14.0556 13.949 14.8205L14.7824 15.674L15.6158 14.8205C16.3618 14.0567 17.4896 14.0256 18.1545 14.5879" fill="#EB0203"></path>
                        </svg>
                        </button>
                        </div>
                        </div>
                        <p class="ct-tile--brand">Continente</p>
                        <p class="ct-tile--quantity">emb. 75 cl</p>
                        </div>
                        <div class="ct-tile-bottom row no-gutters justify-content-between">
                        <div class="ct-price-wrap col-8 col-sm-12">
                        <div class="price js-product-price">
                        <div class="prices-wrapper">
                        <span class="sales ct-tile--price-primary ">
                        <span class="value" content="3.09">
                        
                        <span class="ct-price-formatted">
                        €3,09
                        </span>
                        <span class="ct-m-unit">
                        /un
                        </span>
                        </span>
                        </span>
                        </div>
                        <div class="ct-tile--price-secondary">
                        <span class="ct-price-value">
                        €4,12
                        </span>
                        <span class="ct-m-unit">
                        /lt
                        </span>
                        </div>
                        </div>
                        </div>
                        <div class="ct-tile-buy-section d-flex justify-content-center no-gutters col-auto col-sm-12">
                        <div class="col-2 d-sm-flex d-none">
                        <button class="wishlist-toggler guest-mode inactive button button--tertiary" data-pid="7082533" data-add-url="https://www.continente.pt/on/demandware.store/Sites-continente-Site/default/Wishlist-AddProduct?pid=7082533" data-toggle="tooltip" aria-label="Adicionar aos favoritos " data-original-title="Adicionar aos favoritos" data-placement="top">
                        <svg class="active-content" width="100%" height="100%" viewBox="0 0 20 22" fill="none" xmlns="http://www.w3.org/2000/svg">
                        <path fill-rule="evenodd" clip-rule="evenodd" d="M0 1.53052C0 0.685236 0.692171 0 1.54601 0H15.0736C15.9274 0 16.6196 0.685235 16.6196 1.53052V13.4064L15.8127 13.922L14.2658 14.2658L12.7189 13.4064L10.6054 14.3818C10.4994 14.2451 10.3327 14.157 10.1452 14.157H6.76329C6.4431 14.157 6.18354 14.414 6.18354 14.731C6.18354 15.0479 6.4431 15.3049 6.76329 15.3049H10.1452C10.2478 15.3049 10.3441 15.2785 10.4277 15.2322L10.3126 16.8439L13.2345 20.2793H1.54601C0.69217 20.2793 0 19.5941 0 18.7488V1.53052ZM6.18354 5.5483C6.18354 5.23132 6.4431 4.97436 6.76329 4.97436H12.3676C12.6878 4.97436 12.9473 5.23132 12.9473 5.5483C12.9473 5.86528 12.6878 6.12224 12.3676 6.12224H6.76329C6.4431 6.12224 6.18354 5.86528 6.18354 5.5483ZM6.76329 11.0961C6.4431 11.0961 6.18354 11.3531 6.18354 11.6701C6.18354 11.987 6.4431 12.244 6.76329 12.244H12.3676C12.6878 12.244 12.9473 11.987 12.9473 11.6701C12.9473 11.3531 12.6878 11.0961 12.3676 11.0961H6.76329ZM6.18354 8.60985C6.18354 8.29287 6.4431 8.03591 6.76329 8.03591H12.3676C12.6878 8.03591 12.9473 8.29287 12.9473 8.60985C12.9473 8.92684 12.6878 9.1838 12.3676 9.1838H6.76329C6.4431 9.1838 6.18354 8.92684 6.18354 8.60985ZM3.67118 5.5483C3.67118 5.23132 3.93075 4.97436 4.25093 4.97436H4.63743C4.95762 4.97436 5.21719 5.23132 5.21719 5.5483C5.21719 5.86528 4.95762 6.12224 4.63743 6.12224H4.25093C3.93075 6.12224 3.67118 5.86528 3.67118 5.5483ZM4.25093 11.0961C3.93075 11.0961 3.67118 11.3531 3.67118 11.6701C3.67118 11.987 3.93075 12.244 4.25093 12.244H4.63743C4.95762 12.244 5.21719 11.987 5.21719 11.6701C5.21719 11.3531 4.95762 11.0961 4.63743 11.0961H4.25093ZM3.67118 8.60985C3.67118 8.29287 3.93075 8.03591 4.25093 8.03591H4.63743C4.95762 8.03591 5.21719 8.29287 5.21719 8.60985C5.21719 8.92684 4.95762 9.1838 4.63743 9.1838H4.25093C3.93075 9.1838 3.67118 8.92684 3.67118 8.60985ZM4.25093 14.157C3.93075 14.157 3.67118 14.414 3.67118 14.731C3.67118 15.0479 3.93075 15.3049 4.25093 15.3049H4.63743C4.95762 15.3049 5.21719 15.0479 5.21719 14.731C5.21719 14.414 4.95762 14.157 4.63743 14.157H4.25093Z" fill="#EB0203"></path>
                        <path fill-rule="evenodd" clip-rule="evenodd" d="M14.6252 13.6363C13.4918 12.6215 11.7817 12.5264 10.6569 13.4792C9.12421 14.7764 9.34841 16.8912 10.4409 18.0122L14.0159 21.6742C14.2197 21.8832 14.4928 22 14.7822 22C15.0737 22 15.3448 21.8852 15.5486 21.6762L19.1236 18.0142C20.214 16.8933 20.4423 14.7785 18.9075 13.4792C17.7827 12.5283 16.0724 12.6217 14.9391 13.6365C14.8855 13.6845 14.8331 13.7345 14.7822 13.7866C14.7313 13.7345 14.6789 13.6843 14.6252 13.6363ZM18.1546 14.3522C19.0973 15.1508 18.9962 16.4896 18.2891 17.2173C18.2888 17.2175 18.2886 17.2177 18.2884 17.218L14.7832 20.8084L11.2753 17.2151C11.2752 17.215 11.2751 17.2149 11.2749 17.2148C10.5677 16.4887 10.4678 15.1495 11.4104 14.3518L11.4108 14.3514C12.0745 13.7892 13.2018 13.82 13.9488 14.5846L14.7822 15.4378L15.6157 14.5846C16.3617 13.8211 17.4896 13.79 18.1545 14.3521" fill="#EB0203"></path>
                        </svg>
                        <svg class="inactive-content" width="100%" height="100%" viewBox="0 0 20 23" fill="none" xmlns="http://www.w3.org/2000/svg">
                        <path fill-rule="evenodd" clip-rule="evenodd" d="M6.18408 5.77914C6.18408 5.46223 6.44363 5.20532 6.7638 5.20532H12.3678C12.6879 5.20532 12.9475 5.46223 12.9475 5.77914C12.9475 6.09606 12.6879 6.35297 12.3678 6.35297H6.7638C6.44363 6.35297 6.18408 6.09606 6.18408 5.77914Z" fill="#EB0203"></path>
                        <path fill-rule="evenodd" clip-rule="evenodd" d="M6.18408 11.9034C6.18408 11.5865 6.44363 11.3296 6.7638 11.3296H12.3678C12.6879 11.3296 12.9475 11.5865 12.9475 11.9034C12.9475 12.2202 12.6879 12.4771 12.3678 12.4771H6.7638C6.44363 12.4771 6.18408 12.2202 6.18408 11.9034Z" fill="#EB0203"></path>
                        <path fill-rule="evenodd" clip-rule="evenodd" d="M6.18408 8.84116C6.18408 8.52424 6.44363 8.26733 6.7638 8.26733H12.3678C12.6879 8.26733 12.9475 8.52424 12.9475 8.84116C12.9475 9.15807 12.6879 9.41498 12.3678 9.41498H6.7638C6.44363 9.41498 6.18408 9.15807 6.18408 8.84116Z" fill="#EB0203"></path>
                        <path fill-rule="evenodd" clip-rule="evenodd" d="M6.18408 14.9655C6.18408 14.6486 6.44363 14.3917 6.7638 14.3917H10.1455C10.4657 14.3917 10.7252 14.6486 10.7252 14.9655C10.7252 15.2825 10.4657 15.5394 10.1455 15.5394H6.7638C6.44363 15.5394 6.18408 15.2825 6.18408 14.9655Z" fill="#EB0203"></path>
                        <path fill-rule="evenodd" clip-rule="evenodd" d="M3.67139 5.77914C3.67139 5.46223 3.93094 5.20532 4.25111 5.20532H4.63759C4.95776 5.20532 5.21731 5.46223 5.21731 5.77914C5.21731 6.09606 4.95776 6.35297 4.63759 6.35297H4.25111C3.93094 6.35297 3.67139 6.09606 3.67139 5.77914Z" fill="#EB0203"></path>
                        <path fill-rule="evenodd" clip-rule="evenodd" d="M3.67139 11.9034C3.67139 11.5865 3.93094 11.3296 4.25111 11.3296H4.63759C4.95776 11.3296 5.21731 11.5865 5.21731 11.9034C5.21731 12.2202 4.95776 12.4771 4.63759 12.4771H4.25111C3.93094 12.4771 3.67139 12.2202 3.67139 11.9034Z" fill="#EB0203"></path>
                        <path fill-rule="evenodd" clip-rule="evenodd" d="M3.67139 8.84116C3.67139 8.52424 3.93094 8.26733 4.25111 8.26733H4.63759C4.95776 8.26733 5.21731 8.52424 5.21731 8.84116C5.21731 9.15807 4.95776 9.41498 4.63759 9.41498H4.25111C3.93094 9.41498 3.67139 9.15807 3.67139 8.84116Z" fill="#EB0203"></path>
                        <path fill-rule="evenodd" clip-rule="evenodd" d="M3.67139 14.9655C3.67139 14.6486 3.93094 14.3917 4.25111 14.3917H4.63759C4.95776 14.3917 5.21731 14.6486 5.21731 14.9655C5.21731 15.2825 4.95776 15.5394 4.63759 15.5394H4.25111C3.93094 15.5394 3.67139 15.2825 3.67139 14.9655Z" fill="#EB0203"></path>
                        <path fill-rule="evenodd" clip-rule="evenodd" d="M0 1.76033C0 0.914738 0.692131 0.229248 1.54592 0.229248H15.0727C15.9265 0.229248 16.6186 0.914738 16.6186 1.76033V11.2818C16.6186 11.5989 16.3591 11.8559 16.0389 11.8559C15.7187 11.8559 15.4592 11.5989 15.4592 11.2818V1.76033C15.4592 1.54893 15.2862 1.37756 15.0727 1.37756H1.54592C1.33247 1.37756 1.15944 1.54893 1.15944 1.76033V18.985C1.15944 19.1964 1.33247 19.3678 1.54592 19.3678H9.27551C9.59568 19.3678 9.85523 19.6249 9.85523 19.942C9.85523 20.2591 9.59568 20.5161 9.27551 20.5161H1.54592C0.692131 20.5161 0 19.8306 0 18.985V1.76033Z" fill="#EB0203"></path>
                        <path fill-rule="evenodd" clip-rule="evenodd" d="M14.6254 13.8718C13.4921 12.8567 11.7821 12.7615 10.6574 13.7147C9.12472 15.0124 9.34891 17.128 10.4413 18.2493L14.0161 21.9126C14.2199 22.1217 14.493 22.2386 14.7824 22.2386C15.0739 22.2386 15.3449 22.1238 15.5487 21.9147L19.1235 18.2514C20.2139 17.13 20.4422 15.0144 18.9075 13.7147C17.7827 12.7634 16.0726 12.8569 14.9392 13.872C14.8856 13.92 14.8333 13.9701 14.7824 14.0222C14.7314 13.97 14.6791 13.9199 14.6254 13.8718ZM18.1546 14.588C19.0972 15.3869 18.9961 16.7262 18.2891 17.4541C18.2888 17.4543 18.2886 17.4546 18.2884 17.4548L14.7834 21.0466L11.2757 17.452C11.2756 17.4519 11.2755 17.4517 11.2753 17.4516C10.5681 16.7252 10.4682 15.3856 11.4108 14.5876L11.4112 14.5872C12.0748 14.0248 13.202 14.0556 13.949 14.8205L14.7824 15.674L15.6158 14.8205C16.3618 14.0567 17.4896 14.0256 18.1545 14.5879" fill="#EB0203"></path>
                        </svg>
                        </button>
                        </div>
                        <div class="col-sm-10 col-12">
                        <div class="ct-tile-quantity d-none" data-pid="7082533">
                        <input type="hidden" class="add-to-cart-url" value="https://www.continente.pt/on/demandware.store/Sites-continente-Site/default/Cart-AddProduct">
                        <div class="d-none tile-delete-confirmation-btn" data-pid="7082533" data-delay-time="3000" data-in-cart-msg="no carrinho" data-one-product-added="Adicionado ao carrinho" data-remove-from-cart-msg="Removido do carrinho" data-stay-open="6000.0" data-confirmation-image="{&quot;url&quot;:&quot;https://www.continente.pt/dw/image/v2/BDVS_PRD/on/demandware.static/-/Sites-col-master-catalog/default/dwca7ed04f/images/col/708/7082533-frente.jpg?sw=87&amp;sh=80&quot;,&quot;fallbackimage&quot;:{&quot;url&quot;:&quot;https://www.continente.pt/dw/image/v2/BDVS_PRD/on/demandware.static/Sites-continente-Site/-/default/dw7c42b4da/images/noimagelarge_product.png?sw=87&amp;sh=80&quot;,&quot;title&quot;:&quot;Azeite&quot;,&quot;alt&quot;:&quot;Azeite&quot;},&quot;title&quot;:&quot;Azeite&quot;,&quot;alt&quot;:&quot;Azeite&quot;}"></div>
                        <div class="ct-tile-quantity-update quantity-update product-qty-vue" data-remove-action="https://www.continente.pt/on/demandware.store/Sites-continente-Site/default/Cart-RemoveProductLineItem" data-action="https://www.continente.pt/on/demandware.store/Sites-continente-Site/default/Cart-UpdateQuantity" data-dimension-update="https://www.continente.pt/on/demandware.store/Sites-continente-Site/default/Cart-DimensionUpdate" data-pid="7082533" data-uuid="1dc957187bdcf9d3434377f06f" data-add-delay="500.0" data-measure-options="{&quot;hasConversionRate&quot;:false,&quot;hasAlternativeSaleUnit&quot;:false,&quot;unitConversionRate&quot;:0,&quot;minOrderQuantity&quot;:1,&quot;stepQuantity&quot;:1,&quot;primaryunit&quot;:&quot;un&quot;,&quot;secondaryunit&quot;:&quot;lt&quot;,&quot;selectedunit&quot;:&quot;primary&quot;,&quot;maxNumberOfUnitsPerSale&quot;:50}" data-price-available="null" :data-has-error="isMaxQtyReached || isMinQtyReached || qtySelectedMoreThanOne">
                        <template v-show="prodUnits">
                        <div class="quantity-input-wrapper has-units">
                        <label class="visually-hidden" :for="'quantity-' + pid + additionalTag">
                        Quantidade no carrinho
                        </label>
                        <input :ref="'quantityInput-' + pid + additionalTag" class="add-to-cart-quantity form-control ct-form-input text-center" inputmode="numeric" :class="{'is-invalid': isInvalid}" :data-pid="pid + additionalTag" :name="'quantity-' + pid + additionalTag" type="text" aria-label="Insira a quantidade" title="" v-model="displayValue" @change="updateQuantity" @focus="updateQtyFormat" @blur="restoreQtyFormat" :disabled="!isPriceAvailable">
                        <span class="quantity-icon quantity-icon--minus">
                        <button class="decrease-quantity-btn" @click="updateQuantity" :disabled="!isPriceAvailable" role="button" aria-label="Reduzir quantidade">
                        <i class="css-math-minus"></i>
                        </button>
                        </span>
                        <span class="quantity-icon quantity-icon--plus">
                        <button class="increase-quantity-btn" @click="updateQuantity" :disabled="isMaxQtyReached || !isPriceAvailable" role="button" aria-label="Aumentar quantidade">
                        <i class="css-math-plus"></i>
                        </button>
                        <span class="quantity-btn-disabled-placeholder"></span>
                        </span>
                        <template v-if="isPDP">
                        <span class="quantity-error ct-span-error text-sm-center product-max-allocation" v-if="isMaxQtyReached">
                        Quantidade máxima atingida
                        </span>
                        <span class="quantity-error ct-span-product text-sm-center product-allocation" v-if="!isMinQtyReached &amp;&amp; !isMaxQtyReached">
                        {{quantitySelected}} no carrinho
                        </span>
                        <span class="quantity-error ct-span-error text-sm-center product-min-allocation" :data-pid="pid" v-if="isMinQtyReached &amp;&amp; !isMaxQtyReached">
                        Quantidade mínima atingida
                        </span>
                        </template>
                        </div>
                        <template v-if="showNotes">
                        <div class="add-note-link-container ">
                        <div class="add-note">
                        <a href="/produto/azeite-continente-7082533.html?showNote=true" class="ct-add-note-redirect-pdp" aria-label="Adicionar comentário">
                        <span class="svg-wrapper svg-icon-notes" style="width:19px; height:20px">
                        <svg class="svg-inline icon-notes" viewBox="0 0 28 30" xmlns="http://www.w3.org/2000/svg" width="100%" height="100%"><path d="M21.738 0C22.985 0 24 1.04 24 2.319V12.47c0 .469-.37.848-.828.848-.457 0-.827-.38-.827-.848V2.32c0-.343-.273-.622-.607-.622H2.262c-.334 0-.607.279-.607.622V27.68c0 .343.273.622.607.622h7.81c.457 0 .827.38.827.849 0 .468-.37.848-.827.848h-7.81C1.015 30 0 28.96 0 27.681V2.32C0 1.04 1.015 0 2.262 0h19.476zm2.844 16.004l.227.007c.823.053 1.589.39 2.176.964.64.627.993 1.46.993 2.349 0 .888-.353 1.722-.993 2.348l-6.83 6.665c-.11.108-.247.186-.397.226l-5.032 1.363c-.078.021-.16.032-.241.032-.242 0-.478-.097-.647-.266-.23-.231-.314-.566-.218-.874l1.49-4.798c.044-.139.122-.266.227-.369l6.844-6.677c.64-.625 1.493-.97 2.401-.97zm-2.886 3.94l-4.922 4.802-.947 3.048 3.22-.872 4.897-4.78-2.248-2.197zm2.887-2.174c-.425 0-.824.162-1.124.455l-.484.472 2.248 2.197.484-.472c.62-.606.62-1.591 0-2.197l-.117-.104c-.283-.227-.636-.35-1.007-.35zm-10.839.022c.498 0 .904.396.904.883 0 .488-.406.884-.904.884H5.946c-.499 0-.904-.396-.904-.884 0-.487.405-.883.904-.883zm5.042-4.876c.498 0 .904.397.904.884s-.406.884-.904.884H5.946c-.499 0-.904-.397-.904-.884s.405-.884.904-.884zm0-4.875c.498 0 .904.396.904.884 0 .487-.406.883-.904.883H5.946c-.499 0-.904-.396-.904-.883 0-.488.405-.884.904-.884z" fill="#EB0203" fill-rule="evenodd"></path></svg>
                        </span>
                        <div class="available-note d-none"></div>
                        </a>
                        </div>
                        </div>
                        </template>
                        <div class="measurement-unit-section" v-if="isPriceAvailable &amp;&amp; prodUnits ? prodUnits.hasAlternativeUnit : false">
                        <div class="ct-form-radio" @click="setDimension">
                        <input type="radio" title="" class="ct-form-check-input product-measurement-unit" :data-type="prodUnits.selectedUnit == prodUnits.secondaryUnit ? 'primary' : ''" :id="prodUnits.secondaryUnit + '-' + pid + '-measurement-unit-ptile' + additionalTag" :name="'measurement-unit-' + pid + '-ptile' + additionalTag" :value="prodUnits.secondaryUnit" v-model="prodUnits.selectedUnit">
                        <label :class="prodUnits.secondaryUnit + '-label ct-form-check-label mb-0'" :for="prodUnits.secondaryUnit + '-' + pid + '-measurement-unit-ptile' + additionalTag">
                        {{prodUnits.secondaryUnit}}
                        </label>
                        <span class="checkmark"></span>
                        </div>
                        <div class="ct-form-radio" @click="setDimension">
                        <input type="radio" title="" class="ct-form-check-input product-measurement-unit" :data-type="prodUnits.selectedUnit == prodUnits.primaryUnit ? 'primary' : ''" :id="prodUnits.primaryUnit + '-' + pid + '-measurement-unit-ptile' + additionalTag" :name="'measurement-unit-' + pid + '-ptile' + additionalTag" :value="prodUnits.primaryUnit" v-model="prodUnits.selectedUnit">
                        <label :class="prodUnits.primaryUnit + '-label ct-form-check-label mb-0'" :for="prodUnits.primaryUnit + '-' + pid + '-measurement-unit-ptile' + additionalTag">
                        {{prodUnits.primaryUnit}}
                        </label>
                        <span class="checkmark"></span>
                        </div>
                        </div>
                        <template v-if="!isPDP &amp;&amp; isPriceAvailable">
                        <span class="quantity-error ct-span-error product-max-allocation" v-if="isMaxQtyReached">
                        Quantidade máxima atingida
                        </span>
                        <span class="quantity-error ct-span-product product-allocation" v-if="!isMinQtyReached &amp;&amp; !isMaxQtyReached">
                        {{quantitySelected}} no carrinho
                        </span>
                        <span class="quantity-error ct-span-error product-min-allocation" :data-pid="pid" v-if="isMinQtyReached &amp;&amp; !isMaxQtyReached">
                        Quantidade mínima atingida
                        </span>
                        </template>
                        </template>
                        </div>
                        <input class="quantity-value-mask d-none" name="quantity" type="number" min="0" value="">
                        </div>
                        <button type="button" class="add-to-cart button js-add-to-cart js-add-to-cart-tile 7082533 button--primary dynamic-layout-btn" data-toggle="modal" data-target="#chooseBonusProductModal" data-pid="7082533" data-quantity-value="null" aria-label="Carrinho">
                        <span class="d-block d-sm-none">
                        <span class="svg-wrapper svg-icon-cart" style="width:20px; height:20px">
                        <svg class="svg-inline icon-cart" xmlns="http://www.w3.org/2000/svg" viewBox="0 0 500 500" width="100%" height="100%"><path fill="#EB0203" fill-rule="evenodd" d="M 485.67317,94.386311 C 476.37798,83.847129 463.09468,78.03348 448.30404,78.03348 H 90.690813 L 87.079511,51.327997 C 83.185582,22.539551 62.962285,0 41.011841,0 H 14.727836 C 6.563151,0 0,6.5286975 0,14.580758 c 0,8.05206 6.5945535,14.580758 14.727836,14.580758 h 26.284005 c 4.710398,0 14.696435,9.855222 16.894619,26.021523 L 100.01739,368.0631 c 1.88416,13.77244 9.01256,26.70549 20.1605,36.37417 8.25889,7.15046 18.02511,11.9071 28.26237,13.89679 -4.17655,7.58572 -6.53175,16.25957 -6.53175,25.493 0,29.53459 24.27424,53.59751 54.13815,53.59751 29.8325,0 54.13814,-24.03184 54.13814,-53.59751 0,-8.79818 -2.19818,-17.09897 -5.9979,-24.43598 h 77.12488 c -3.79973,7.33701 -5.96652,15.6378 -5.96652,24.43598 0,29.53459 24.27424,53.59751 54.13817,53.59751 29.83249,0 54.13814,-24.03184 54.13814,-53.59751 0,-8.79818 -2.1982,-17.09897 -5.9979,-24.43598 h 38.56243 c 8.13328,0 14.72783,-6.5287 14.72783,-14.61183 0,-8.02098 -6.59455,-14.54967 -14.72783,-14.54967 H 159.24277 c -14.38241,0 -28.13677,-11.90711 -30.02092,-26.02153 l -3.07746,-22.88154 h 290.6314 c 14.03698,0 27.94834,-5.28513 39.06488,-14.95381 11.11652,-9.6376 18.27632,-22.57065 20.16048,-36.37417 l 21.10259,-156.78201 c 1.94694,-14.51858 -2.10398,-28.29103 -11.43057,-38.861299 z M 220.76053,443.82706 c 0,13.49265 -11.08513,24.46709 -24.68247,24.46709 -13.62874,0 -24.71387,-10.97444 -24.71387,-24.46709 0,-13.49262 11.08513,-24.43598 24.71387,-24.43598 13.59734,0 24.68247,10.94336 24.68247,24.43598 z m 173.43675,0 c 0,13.49265 -11.08512,24.46709 -24.68245,24.46709 -13.62876,0 -24.71388,-10.97444 -24.71388,-24.46709 0,-13.49262 11.08512,-24.43598 24.71388,-24.43598 13.59733,0 24.68245,10.94336 24.68245,24.43598 z m 73.7648,-314.46558 -21.13397,156.782 c -1.88416,14.11442 -15.63851,26.05261 -30.02091,26.05261 H 122.25046 L 94.616142,107.19499 H 448.33544 c 6.18632,0 11.61896,2.2695 15.23028,6.37326 3.64269,4.13484 5.21283,9.73086 4.39636,15.79323 z"></path></svg>
                        </span>
                        </span>
                        <span class="add-to-cart--text d-none d-sm-block">Carrinho</span>
                        </button>
                        </div>
                        </div>
                        </div>
                        </div>
                        
                        <div class="col-12 d-sm-none">
                        </div>
                        </div>
                        </div>
                        </div>
                        </div>
                        <div class="col-12 col-sm-3 col-lg-2 productTile" data-idx="23">
                        
                        <script type="text/javascript">//<!--
                        /* <![CDATA[ */
                        (function(){
                        try {
                            if(window.CQuotient) {
                            var cq_params = {};
                            
                            cq_params.cookieId = window.CQuotient.getCQCookieId();
                            cq_params.userId = window.CQuotient.getCQUserId();
                            cq_params.emailId = CQuotient.getCQHashedEmail();
                            cq_params.loginId = CQuotient.getCQHashedLogin();
                            cq_params.accumulate = true;
                            cq_params.products = [{
                                id: '2629238',
                                sku: ''
                            }];
                            cq_params.categoryId = 'mercearias';
                            cq_params.refinements = '[{\"name\":\"priceMin\",\"value\":\"0.01\"},{\"name\":\"priceMax\",\"value\":\"null\"},{\"name\":\"curr\",\"value\":\"EUR\"},{\"name\":\"Category\",\"value\":\"mercearias\"}]';
                            cq_params.personalized = 'false';
                            cq_params.sortingRule = 'FOOD_Mercearia';
                            cq_params.imageUUID = '__UNDEFINED__';
                            cq_params.realm = "BDVS";
                            cq_params.siteId = "continente";
                            cq_params.instanceType = "prd";
                            cq_params.queryLocale = "default";
                            cq_params.locale = window.CQuotient.locale;
                            
                            if(window.CQuotient.sendActivity)
                                window.CQuotient.sendActivity(CQuotient.clientId, 'viewCategory', cq_params);
                            else
                                window.CQuotient.activities.push({
                                    activityType: 'viewCategory',
                                    parameters: cq_params
                                });
                          }
                        } catch(err) {}
                        })();
                        /* ]]> */
                        // -->
                        </script>
                        <script type="text/javascript">//<!--
                        /* <![CDATA[ (viewCategoryProduct-active_data.js) */
                        (function(){
                        try {
                            if (dw.ac) {
                                var search_params = {};
                                search_params.persd = 'false';
                                search_params.refs = '[{\"name\":\"priceMin\",\"value\":\"0.01\"},{\"name\":\"priceMax\",\"value\":\"null\"},{\"name\":\"curr\",\"value\":\"EUR\"},{\"name\":\"Category\",\"value\":\"mercearias\"}]';
                                search_params.sort = 'FOOD_Mercearia';
                                search_params.imageUUID = '';
                                search_params.searchID = 'afeeff71-841d-471a-a4b6-1885a5ac2689';
                                search_params.locale = 'default';
                                search_params.queryLocale = 'default';
                                search_params.showProducts = 'true';
                                dw.ac.applyContext({category: "mercearias", searchData: search_params});
                                if (typeof dw.ac._scheduleDataSubmission === "function") {
                                    dw.ac._scheduleDataSubmission();
                                }
                            }
                        } catch(err) {}
                        })();
                        /* ]]> */
                        // -->
                        </script>
                        <script type="text/javascript">//<!--
                        /* <![CDATA[ (viewProduct-active_data.js) */
                        dw.ac._capture({id: "2629238", type: "searchhit"});
                        /* ]]> */
                        // -->
                        </script>
                        <div class="product" data-pid="2629238">
                        <div class="product-tile pid-2629238 ct-product-tile data-layer-pushed" data-delay-time="3000" data-variants-mapping="[]" data-in-cart-msg="no carrinho" data-one-product-added="Adicionado ao carrinho" data-remove-from-cart-msg="Removido do carrinho" data-stay-open="6000.0" data-product-tile-impression="{&quot;name&quot;:&quot;2629238&quot;,&quot;id&quot;:&quot;2629238&quot;,&quot;price&quot;:0.74,&quot;brand&quot;:&quot;Raízes da Natureza&quot;,&quot;category&quot;:[{&quot;category_level_1&quot;:&quot;Mercearia&quot;},{&quot;category_level_2&quot;:&quot;Café, Chá e Chocolate Solúvel&quot;},{&quot;category_level_3&quot;:&quot;Chás e Infusões&quot;}],&quot;variant&quot;:&quot;&quot;}">
                        <div class="ct-inner-tile-wrap row no-gutters justify-content-center align-content-start">
                        <div class="ct-product-tile-badge ct-product-tile-badge--promotional">
                        <img class="img-fluid lazyloaded" loading="lazy" data-src="https://www.continente.pt/dw/image/v2/BDVS_PRD/on/demandware.static/-/Sites-continente-Library/default/dw7e91cd4a/images/badges/superprice/col/superprice.png?sw=60&amp;sh=42" alt="Desconto Imediato: 25%" title="Desconto Imediato: 25%" src="https://www.continente.pt/dw/image/v2/BDVS_PRD/on/demandware.static/-/Sites-continente-Library/default/dw7e91cd4a/images/badges/superprice/col/superprice.png?sw=60&amp;sh=42">
                        <div class="ct-product-tile-badge-value-wrapper ct-product-tile-badge-value-wrapper--superprice  ">
                        <span class="ct-product-tile-badge-value--superprice">
                        25
                        </span>
                        <span class="ct-product-tile-badge-value--superprice-quantifier ">
                        %
                        </span>
                        </div>
                        </div>
                        
                        <div class="ct-image-container col-4 col-sm" data-confirmation-image="{&quot;url&quot;:&quot;https://www.continente.pt/dw/image/v2/BDVS_PRD/on/demandware.static/-/Sites-col-master-catalog/default/dwaaca68ff/images/col/262/2629238-direito.jpg?sw=87&amp;sh=80&quot;,&quot;fallbackimage&quot;:{&quot;url&quot;:&quot;https://www.continente.pt/dw/image/v2/BDVS_PRD/on/demandware.static/Sites-continente-Site/-/default/dw7c42b4da/images/noimagelarge_product.png?sw=87&amp;sh=80&quot;,&quot;title&quot;:&quot;Infusão Nº19 Camomila Saquetas&quot;,&quot;alt&quot;:&quot;Infusão Nº19 Camomila Saquetas&quot;},&quot;title&quot;:&quot;Infusão Nº19 Camomila Saquetas&quot;,&quot;alt&quot;:&quot;Infusão Nº19 Camomila Saquetas&quot;}">
                        <a href="https://www.continente.pt/produto/infusao-n19-camomila-saquetas-raizes-da-natureza-2629238.html?cgid=mercearias">
                        <picture class="intrinsic intrinsic--square">
                        <img class="ct-tile-image lazyloaded" loading="lazy" onerror="this.onerror=null;this.src='/on/demandware.static/Sites-continente-Site/-/default/dw7c42b4da/images/noimagelarge_product.png';" data-src="https://www.continente.pt/dw/image/v2/BDVS_PRD/on/demandware.static/-/Sites-col-master-catalog/default/dwaaca68ff/images/col/262/2629238-direito.jpg?sw=280&amp;sh=280" alt="Infusão Nº19 Camomila Saquetas" title="Infusão Nº19 Camomila Saquetas" src="https://www.continente.pt/dw/image/v2/BDVS_PRD/on/demandware.static/-/Sites-col-master-catalog/default/dwaaca68ff/images/col/262/2629238-direito.jpg?sw=280&amp;sh=280">
                        </picture>
                        </a>
                        <div class="color-swatches d-flex" style="margin-left: 5px;">
                        <div class="swatches d-flex">
                        </div>
                        </div>
                        </div>
                        <div class="ct-tile-body col col-sm-auto ">
                        <div class="ct-pdp-details">
                        <div class="ct-pdp-link">
                        <a class="ct-tile--description" href="https://www.continente.pt/produto/infusao-n19-camomila-saquetas-raizes-da-natureza-2629238.html?cgid=mercearias">Infusão Nº19 Camomila Saquetas</a>
                        
                        <div class="ct-tile--favorite-top d-sm-none">
                        <button class="wishlist-toggler guest-mode inactive button button--tertiary" data-pid="2629238" data-add-url="https://www.continente.pt/on/demandware.store/Sites-continente-Site/default/Wishlist-AddProduct?pid=2629238" data-toggle="tooltip" aria-label="Adicionar aos favoritos " data-original-title="Adicionar aos favoritos" data-placement="top">
                        <svg class="active-content" width="100%" height="100%" viewBox="0 0 20 22" fill="none" xmlns="http://www.w3.org/2000/svg">
                        <path fill-rule="evenodd" clip-rule="evenodd" d="M0 1.53052C0 0.685236 0.692171 0 1.54601 0H15.0736C15.9274 0 16.6196 0.685235 16.6196 1.53052V13.4064L15.8127 13.922L14.2658 14.2658L12.7189 13.4064L10.6054 14.3818C10.4994 14.2451 10.3327 14.157 10.1452 14.157H6.76329C6.4431 14.157 6.18354 14.414 6.18354 14.731C6.18354 15.0479 6.4431 15.3049 6.76329 15.3049H10.1452C10.2478 15.3049 10.3441 15.2785 10.4277 15.2322L10.3126 16.8439L13.2345 20.2793H1.54601C0.69217 20.2793 0 19.5941 0 18.7488V1.53052ZM6.18354 5.5483C6.18354 5.23132 6.4431 4.97436 6.76329 4.97436H12.3676C12.6878 4.97436 12.9473 5.23132 12.9473 5.5483C12.9473 5.86528 12.6878 6.12224 12.3676 6.12224H6.76329C6.4431 6.12224 6.18354 5.86528 6.18354 5.5483ZM6.76329 11.0961C6.4431 11.0961 6.18354 11.3531 6.18354 11.6701C6.18354 11.987 6.4431 12.244 6.76329 12.244H12.3676C12.6878 12.244 12.9473 11.987 12.9473 11.6701C12.9473 11.3531 12.6878 11.0961 12.3676 11.0961H6.76329ZM6.18354 8.60985C6.18354 8.29287 6.4431 8.03591 6.76329 8.03591H12.3676C12.6878 8.03591 12.9473 8.29287 12.9473 8.60985C12.9473 8.92684 12.6878 9.1838 12.3676 9.1838H6.76329C6.4431 9.1838 6.18354 8.92684 6.18354 8.60985ZM3.67118 5.5483C3.67118 5.23132 3.93075 4.97436 4.25093 4.97436H4.63743C4.95762 4.97436 5.21719 5.23132 5.21719 5.5483C5.21719 5.86528 4.95762 6.12224 4.63743 6.12224H4.25093C3.93075 6.12224 3.67118 5.86528 3.67118 5.5483ZM4.25093 11.0961C3.93075 11.0961 3.67118 11.3531 3.67118 11.6701C3.67118 11.987 3.93075 12.244 4.25093 12.244H4.63743C4.95762 12.244 5.21719 11.987 5.21719 11.6701C5.21719 11.3531 4.95762 11.0961 4.63743 11.0961H4.25093ZM3.67118 8.60985C3.67118 8.29287 3.93075 8.03591 4.25093 8.03591H4.63743C4.95762 8.03591 5.21719 8.29287 5.21719 8.60985C5.21719 8.92684 4.95762 9.1838 4.63743 9.1838H4.25093C3.93075 9.1838 3.67118 8.92684 3.67118 8.60985ZM4.25093 14.157C3.93075 14.157 3.67118 14.414 3.67118 14.731C3.67118 15.0479 3.93075 15.3049 4.25093 15.3049H4.63743C4.95762 15.3049 5.21719 15.0479 5.21719 14.731C5.21719 14.414 4.95762 14.157 4.63743 14.157H4.25093Z" fill="#EB0203"></path>
                        <path fill-rule="evenodd" clip-rule="evenodd" d="M14.6252 13.6363C13.4918 12.6215 11.7817 12.5264 10.6569 13.4792C9.12421 14.7764 9.34841 16.8912 10.4409 18.0122L14.0159 21.6742C14.2197 21.8832 14.4928 22 14.7822 22C15.0737 22 15.3448 21.8852 15.5486 21.6762L19.1236 18.0142C20.214 16.8933 20.4423 14.7785 18.9075 13.4792C17.7827 12.5283 16.0724 12.6217 14.9391 13.6365C14.8855 13.6845 14.8331 13.7345 14.7822 13.7866C14.7313 13.7345 14.6789 13.6843 14.6252 13.6363ZM18.1546 14.3522C19.0973 15.1508 18.9962 16.4896 18.2891 17.2173C18.2888 17.2175 18.2886 17.2177 18.2884 17.218L14.7832 20.8084L11.2753 17.2151C11.2752 17.215 11.2751 17.2149 11.2749 17.2148C10.5677 16.4887 10.4678 15.1495 11.4104 14.3518L11.4108 14.3514C12.0745 13.7892 13.2018 13.82 13.9488 14.5846L14.7822 15.4378L15.6157 14.5846C16.3617 13.8211 17.4896 13.79 18.1545 14.3521" fill="#EB0203"></path>
                        </svg>
                        <svg class="inactive-content" width="100%" height="100%" viewBox="0 0 20 23" fill="none" xmlns="http://www.w3.org/2000/svg">
                        <path fill-rule="evenodd" clip-rule="evenodd" d="M6.18408 5.77914C6.18408 5.46223 6.44363 5.20532 6.7638 5.20532H12.3678C12.6879 5.20532 12.9475 5.46223 12.9475 5.77914C12.9475 6.09606 12.6879 6.35297 12.3678 6.35297H6.7638C6.44363 6.35297 6.18408 6.09606 6.18408 5.77914Z" fill="#EB0203"></path>
                        <path fill-rule="evenodd" clip-rule="evenodd" d="M6.18408 11.9034C6.18408 11.5865 6.44363 11.3296 6.7638 11.3296H12.3678C12.6879 11.3296 12.9475 11.5865 12.9475 11.9034C12.9475 12.2202 12.6879 12.4771 12.3678 12.4771H6.7638C6.44363 12.4771 6.18408 12.2202 6.18408 11.9034Z" fill="#EB0203"></path>
                        <path fill-rule="evenodd" clip-rule="evenodd" d="M6.18408 8.84116C6.18408 8.52424 6.44363 8.26733 6.7638 8.26733H12.3678C12.6879 8.26733 12.9475 8.52424 12.9475 8.84116C12.9475 9.15807 12.6879 9.41498 12.3678 9.41498H6.7638C6.44363 9.41498 6.18408 9.15807 6.18408 8.84116Z" fill="#EB0203"></path>
                        <path fill-rule="evenodd" clip-rule="evenodd" d="M6.18408 14.9655C6.18408 14.6486 6.44363 14.3917 6.7638 14.3917H10.1455C10.4657 14.3917 10.7252 14.6486 10.7252 14.9655C10.7252 15.2825 10.4657 15.5394 10.1455 15.5394H6.7638C6.44363 15.5394 6.18408 15.2825 6.18408 14.9655Z" fill="#EB0203"></path>
                        <path fill-rule="evenodd" clip-rule="evenodd" d="M3.67139 5.77914C3.67139 5.46223 3.93094 5.20532 4.25111 5.20532H4.63759C4.95776 5.20532 5.21731 5.46223 5.21731 5.77914C5.21731 6.09606 4.95776 6.35297 4.63759 6.35297H4.25111C3.93094 6.35297 3.67139 6.09606 3.67139 5.77914Z" fill="#EB0203"></path>
                        <path fill-rule="evenodd" clip-rule="evenodd" d="M3.67139 11.9034C3.67139 11.5865 3.93094 11.3296 4.25111 11.3296H4.63759C4.95776 11.3296 5.21731 11.5865 5.21731 11.9034C5.21731 12.2202 4.95776 12.4771 4.63759 12.4771H4.25111C3.93094 12.4771 3.67139 12.2202 3.67139 11.9034Z" fill="#EB0203"></path>
                        <path fill-rule="evenodd" clip-rule="evenodd" d="M3.67139 8.84116C3.67139 8.52424 3.93094 8.26733 4.25111 8.26733H4.63759C4.95776 8.26733 5.21731 8.52424 5.21731 8.84116C5.21731 9.15807 4.95776 9.41498 4.63759 9.41498H4.25111C3.93094 9.41498 3.67139 9.15807 3.67139 8.84116Z" fill="#EB0203"></path>
                        <path fill-rule="evenodd" clip-rule="evenodd" d="M3.67139 14.9655C3.67139 14.6486 3.93094 14.3917 4.25111 14.3917H4.63759C4.95776 14.3917 5.21731 14.6486 5.21731 14.9655C5.21731 15.2825 4.95776 15.5394 4.63759 15.5394H4.25111C3.93094 15.5394 3.67139 15.2825 3.67139 14.9655Z" fill="#EB0203"></path>
                        <path fill-rule="evenodd" clip-rule="evenodd" d="M0 1.76033C0 0.914738 0.692131 0.229248 1.54592 0.229248H15.0727C15.9265 0.229248 16.6186 0.914738 16.6186 1.76033V11.2818C16.6186 11.5989 16.3591 11.8559 16.0389 11.8559C15.7187 11.8559 15.4592 11.5989 15.4592 11.2818V1.76033C15.4592 1.54893 15.2862 1.37756 15.0727 1.37756H1.54592C1.33247 1.37756 1.15944 1.54893 1.15944 1.76033V18.985C1.15944 19.1964 1.33247 19.3678 1.54592 19.3678H9.27551C9.59568 19.3678 9.85523 19.6249 9.85523 19.942C9.85523 20.2591 9.59568 20.5161 9.27551 20.5161H1.54592C0.692131 20.5161 0 19.8306 0 18.985V1.76033Z" fill="#EB0203"></path>
                        <path fill-rule="evenodd" clip-rule="evenodd" d="M14.6254 13.8718C13.4921 12.8567 11.7821 12.7615 10.6574 13.7147C9.12472 15.0124 9.34891 17.128 10.4413 18.2493L14.0161 21.9126C14.2199 22.1217 14.493 22.2386 14.7824 22.2386C15.0739 22.2386 15.3449 22.1238 15.5487 21.9147L19.1235 18.2514C20.2139 17.13 20.4422 15.0144 18.9075 13.7147C17.7827 12.7634 16.0726 12.8569 14.9392 13.872C14.8856 13.92 14.8333 13.9701 14.7824 14.0222C14.7314 13.97 14.6791 13.9199 14.6254 13.8718ZM18.1546 14.588C19.0972 15.3869 18.9961 16.7262 18.2891 17.4541C18.2888 17.4543 18.2886 17.4546 18.2884 17.4548L14.7834 21.0466L11.2757 17.452C11.2756 17.4519 11.2755 17.4517 11.2753 17.4516C10.5681 16.7252 10.4682 15.3856 11.4108 14.5876L11.4112 14.5872C12.0748 14.0248 13.202 14.0556 13.949 14.8205L14.7824 15.674L15.6158 14.8205C16.3618 14.0567 17.4896 14.0256 18.1545 14.5879" fill="#EB0203"></path>
                        </svg>
                        </button>
                        </div>
                        </div>
                        <p class="ct-tile--brand">Raízes da Natureza</p>
                        <p class="ct-tile--quantity">emb. 10 un</p>
                        </div>
                        <div class="ct-tile-bottom row no-gutters justify-content-between">
                        <div class="ct-price-wrap col-8 col-sm-12">
                        <div class="price js-product-price">
                        <div class="prices-wrapper">
                        <span class="sales ct-tile--price-primary ">
                        
                        <span class="value" content="0.74">
                        <span class="ct-price-formatted">
                        €0,74
                        </span>
                        <span class="ct-m-unit">
                        /un
                        </span>
                        </span>
                        </span>
                        <span class="strike-through list ct-tile--price-dashed">
                        <span class="value ct-tile--price-value" content="0.99">
                        <span class="sr-only">
                        Price reduced from
                        </span>
                        €0,99
                        <span class="ct-tile--price-dashed">
                        /un
                        </span>
                        <span class="sr-only">
                        to
                        </span>
                        </span>
                        </span>
                        </div>
                        <div class="ct-tile--price-secondary">
                        <span class="ct-price-value">
                        €0,07
                        </span>
                        <span class="ct-m-unit">
                        /un
                        </span>
                        </div>
                        <p class="ct-discount-amount ">Desconto Imediato: 25%</p>
                        </div>
                        </div>
                        <div class="ct-tile-buy-section d-flex justify-content-center no-gutters col-auto col-sm-12">
                        <div class="col-2 d-sm-flex d-none">
                        <button class="wishlist-toggler guest-mode inactive button button--tertiary" data-pid="2629238" data-add-url="https://www.continente.pt/on/demandware.store/Sites-continente-Site/default/Wishlist-AddProduct?pid=2629238" data-toggle="tooltip" aria-label="Adicionar aos favoritos " data-original-title="Adicionar aos favoritos" data-placement="top">
                        <svg class="active-content" width="100%" height="100%" viewBox="0 0 20 22" fill="none" xmlns="http://www.w3.org/2000/svg">
                        <path fill-rule="evenodd" clip-rule="evenodd" d="M0 1.53052C0 0.685236 0.692171 0 1.54601 0H15.0736C15.9274 0 16.6196 0.685235 16.6196 1.53052V13.4064L15.8127 13.922L14.2658 14.2658L12.7189 13.4064L10.6054 14.3818C10.4994 14.2451 10.3327 14.157 10.1452 14.157H6.76329C6.4431 14.157 6.18354 14.414 6.18354 14.731C6.18354 15.0479 6.4431 15.3049 6.76329 15.3049H10.1452C10.2478 15.3049 10.3441 15.2785 10.4277 15.2322L10.3126 16.8439L13.2345 20.2793H1.54601C0.69217 20.2793 0 19.5941 0 18.7488V1.53052ZM6.18354 5.5483C6.18354 5.23132 6.4431 4.97436 6.76329 4.97436H12.3676C12.6878 4.97436 12.9473 5.23132 12.9473 5.5483C12.9473 5.86528 12.6878 6.12224 12.3676 6.12224H6.76329C6.4431 6.12224 6.18354 5.86528 6.18354 5.5483ZM6.76329 11.0961C6.4431 11.0961 6.18354 11.3531 6.18354 11.6701C6.18354 11.987 6.4431 12.244 6.76329 12.244H12.3676C12.6878 12.244 12.9473 11.987 12.9473 11.6701C12.9473 11.3531 12.6878 11.0961 12.3676 11.0961H6.76329ZM6.18354 8.60985C6.18354 8.29287 6.4431 8.03591 6.76329 8.03591H12.3676C12.6878 8.03591 12.9473 8.29287 12.9473 8.60985C12.9473 8.92684 12.6878 9.1838 12.3676 9.1838H6.76329C6.4431 9.1838 6.18354 8.92684 6.18354 8.60985ZM3.67118 5.5483C3.67118 5.23132 3.93075 4.97436 4.25093 4.97436H4.63743C4.95762 4.97436 5.21719 5.23132 5.21719 5.5483C5.21719 5.86528 4.95762 6.12224 4.63743 6.12224H4.25093C3.93075 6.12224 3.67118 5.86528 3.67118 5.5483ZM4.25093 11.0961C3.93075 11.0961 3.67118 11.3531 3.67118 11.6701C3.67118 11.987 3.93075 12.244 4.25093 12.244H4.63743C4.95762 12.244 5.21719 11.987 5.21719 11.6701C5.21719 11.3531 4.95762 11.0961 4.63743 11.0961H4.25093ZM3.67118 8.60985C3.67118 8.29287 3.93075 8.03591 4.25093 8.03591H4.63743C4.95762 8.03591 5.21719 8.29287 5.21719 8.60985C5.21719 8.92684 4.95762 9.1838 4.63743 9.1838H4.25093C3.93075 9.1838 3.67118 8.92684 3.67118 8.60985ZM4.25093 14.157C3.93075 14.157 3.67118 14.414 3.67118 14.731C3.67118 15.0479 3.93075 15.3049 4.25093 15.3049H4.63743C4.95762 15.3049 5.21719 15.0479 5.21719 14.731C5.21719 14.414 4.95762 14.157 4.63743 14.157H4.25093Z" fill="#EB0203"></path>
                        <path fill-rule="evenodd" clip-rule="evenodd" d="M14.6252 13.6363C13.4918 12.6215 11.7817 12.5264 10.6569 13.4792C9.12421 14.7764 9.34841 16.8912 10.4409 18.0122L14.0159 21.6742C14.2197 21.8832 14.4928 22 14.7822 22C15.0737 22 15.3448 21.8852 15.5486 21.6762L19.1236 18.0142C20.214 16.8933 20.4423 14.7785 18.9075 13.4792C17.7827 12.5283 16.0724 12.6217 14.9391 13.6365C14.8855 13.6845 14.8331 13.7345 14.7822 13.7866C14.7313 13.7345 14.6789 13.6843 14.6252 13.6363ZM18.1546 14.3522C19.0973 15.1508 18.9962 16.4896 18.2891 17.2173C18.2888 17.2175 18.2886 17.2177 18.2884 17.218L14.7832 20.8084L11.2753 17.2151C11.2752 17.215 11.2751 17.2149 11.2749 17.2148C10.5677 16.4887 10.4678 15.1495 11.4104 14.3518L11.4108 14.3514C12.0745 13.7892 13.2018 13.82 13.9488 14.5846L14.7822 15.4378L15.6157 14.5846C16.3617 13.8211 17.4896 13.79 18.1545 14.3521" fill="#EB0203"></path>
                        </svg>
                        <svg class="inactive-content" width="100%" height="100%" viewBox="0 0 20 23" fill="none" xmlns="http://www.w3.org/2000/svg">
                        <path fill-rule="evenodd" clip-rule="evenodd" d="M6.18408 5.77914C6.18408 5.46223 6.44363 5.20532 6.7638 5.20532H12.3678C12.6879 5.20532 12.9475 5.46223 12.9475 5.77914C12.9475 6.09606 12.6879 6.35297 12.3678 6.35297H6.7638C6.44363 6.35297 6.18408 6.09606 6.18408 5.77914Z" fill="#EB0203"></path>
                        <path fill-rule="evenodd" clip-rule="evenodd" d="M6.18408 11.9034C6.18408 11.5865 6.44363 11.3296 6.7638 11.3296H12.3678C12.6879 11.3296 12.9475 11.5865 12.9475 11.9034C12.9475 12.2202 12.6879 12.4771 12.3678 12.4771H6.7638C6.44363 12.4771 6.18408 12.2202 6.18408 11.9034Z" fill="#EB0203"></path>
                        <path fill-rule="evenodd" clip-rule="evenodd" d="M6.18408 8.84116C6.18408 8.52424 6.44363 8.26733 6.7638 8.26733H12.3678C12.6879 8.26733 12.9475 8.52424 12.9475 8.84116C12.9475 9.15807 12.6879 9.41498 12.3678 9.41498H6.7638C6.44363 9.41498 6.18408 9.15807 6.18408 8.84116Z" fill="#EB0203"></path>
                        <path fill-rule="evenodd" clip-rule="evenodd" d="M6.18408 14.9655C6.18408 14.6486 6.44363 14.3917 6.7638 14.3917H10.1455C10.4657 14.3917 10.7252 14.6486 10.7252 14.9655C10.7252 15.2825 10.4657 15.5394 10.1455 15.5394H6.7638C6.44363 15.5394 6.18408 15.2825 6.18408 14.9655Z" fill="#EB0203"></path>
                        <path fill-rule="evenodd" clip-rule="evenodd" d="M3.67139 5.77914C3.67139 5.46223 3.93094 5.20532 4.25111 5.20532H4.63759C4.95776 5.20532 5.21731 5.46223 5.21731 5.77914C5.21731 6.09606 4.95776 6.35297 4.63759 6.35297H4.25111C3.93094 6.35297 3.67139 6.09606 3.67139 5.77914Z" fill="#EB0203"></path>
                        <path fill-rule="evenodd" clip-rule="evenodd" d="M3.67139 11.9034C3.67139 11.5865 3.93094 11.3296 4.25111 11.3296H4.63759C4.95776 11.3296 5.21731 11.5865 5.21731 11.9034C5.21731 12.2202 4.95776 12.4771 4.63759 12.4771H4.25111C3.93094 12.4771 3.67139 12.2202 3.67139 11.9034Z" fill="#EB0203"></path>
                        <path fill-rule="evenodd" clip-rule="evenodd" d="M3.67139 8.84116C3.67139 8.52424 3.93094 8.26733 4.25111 8.26733H4.63759C4.95776 8.26733 5.21731 8.52424 5.21731 8.84116C5.21731 9.15807 4.95776 9.41498 4.63759 9.41498H4.25111C3.93094 9.41498 3.67139 9.15807 3.67139 8.84116Z" fill="#EB0203"></path>
                        <path fill-rule="evenodd" clip-rule="evenodd" d="M3.67139 14.9655C3.67139 14.6486 3.93094 14.3917 4.25111 14.3917H4.63759C4.95776 14.3917 5.21731 14.6486 5.21731 14.9655C5.21731 15.2825 4.95776 15.5394 4.63759 15.5394H4.25111C3.93094 15.5394 3.67139 15.2825 3.67139 14.9655Z" fill="#EB0203"></path>
                        <path fill-rule="evenodd" clip-rule="evenodd" d="M0 1.76033C0 0.914738 0.692131 0.229248 1.54592 0.229248H15.0727C15.9265 0.229248 16.6186 0.914738 16.6186 1.76033V11.2818C16.6186 11.5989 16.3591 11.8559 16.0389 11.8559C15.7187 11.8559 15.4592 11.5989 15.4592 11.2818V1.76033C15.4592 1.54893 15.2862 1.37756 15.0727 1.37756H1.54592C1.33247 1.37756 1.15944 1.54893 1.15944 1.76033V18.985C1.15944 19.1964 1.33247 19.3678 1.54592 19.3678H9.27551C9.59568 19.3678 9.85523 19.6249 9.85523 19.942C9.85523 20.2591 9.59568 20.5161 9.27551 20.5161H1.54592C0.692131 20.5161 0 19.8306 0 18.985V1.76033Z" fill="#EB0203"></path>
                        <path fill-rule="evenodd" clip-rule="evenodd" d="M14.6254 13.8718C13.4921 12.8567 11.7821 12.7615 10.6574 13.7147C9.12472 15.0124 9.34891 17.128 10.4413 18.2493L14.0161 21.9126C14.2199 22.1217 14.493 22.2386 14.7824 22.2386C15.0739 22.2386 15.3449 22.1238 15.5487 21.9147L19.1235 18.2514C20.2139 17.13 20.4422 15.0144 18.9075 13.7147C17.7827 12.7634 16.0726 12.8569 14.9392 13.872C14.8856 13.92 14.8333 13.9701 14.7824 14.0222C14.7314 13.97 14.6791 13.9199 14.6254 13.8718ZM18.1546 14.588C19.0972 15.3869 18.9961 16.7262 18.2891 17.4541C18.2888 17.4543 18.2886 17.4546 18.2884 17.4548L14.7834 21.0466L11.2757 17.452C11.2756 17.4519 11.2755 17.4517 11.2753 17.4516C10.5681 16.7252 10.4682 15.3856 11.4108 14.5876L11.4112 14.5872C12.0748 14.0248 13.202 14.0556 13.949 14.8205L14.7824 15.674L15.6158 14.8205C16.3618 14.0567 17.4896 14.0256 18.1545 14.5879" fill="#EB0203"></path>
                        </svg>
                        </button>
                        </div>
                        <div class="col-sm-10 col-12">
                        <div class="ct-tile-quantity d-none" data-pid="2629238">
                        <input type="hidden" class="add-to-cart-url" value="https://www.continente.pt/on/demandware.store/Sites-continente-Site/default/Cart-AddProduct">
                        <div class="d-none tile-delete-confirmation-btn" data-pid="2629238" data-delay-time="3000" data-in-cart-msg="no carrinho" data-one-product-added="Adicionado ao carrinho" data-remove-from-cart-msg="Removido do carrinho" data-stay-open="6000.0" data-confirmation-image="{&quot;url&quot;:&quot;https://www.continente.pt/dw/image/v2/BDVS_PRD/on/demandware.static/-/Sites-col-master-catalog/default/dwaaca68ff/images/col/262/2629238-direito.jpg?sw=87&amp;sh=80&quot;,&quot;fallbackimage&quot;:{&quot;url&quot;:&quot;https://www.continente.pt/dw/image/v2/BDVS_PRD/on/demandware.static/Sites-continente-Site/-/default/dw7c42b4da/images/noimagelarge_product.png?sw=87&amp;sh=80&quot;,&quot;title&quot;:&quot;Infusão Nº19 Camomila Saquetas&quot;,&quot;alt&quot;:&quot;Infusão Nº19 Camomila Saquetas&quot;},&quot;title&quot;:&quot;Infusão Nº19 Camomila Saquetas&quot;,&quot;alt&quot;:&quot;Infusão Nº19 Camomila Saquetas&quot;}"></div>
                        <div class="ct-tile-quantity-update quantity-update product-qty-vue" data-remove-action="https://www.continente.pt/on/demandware.store/Sites-continente-Site/default/Cart-RemoveProductLineItem" data-action="https://www.continente.pt/on/demandware.store/Sites-continente-Site/default/Cart-UpdateQuantity" data-dimension-update="https://www.continente.pt/on/demandware.store/Sites-continente-Site/default/Cart-DimensionUpdate" data-pid="2629238" data-uuid="44673658b37530033d18215751" data-add-delay="500.0" data-measure-options="{&quot;hasConversionRate&quot;:false,&quot;hasAlternativeSaleUnit&quot;:false,&quot;unitConversionRate&quot;:null,&quot;minOrderQuantity&quot;:1,&quot;stepQuantity&quot;:1,&quot;primaryunit&quot;:&quot;un&quot;,&quot;secondaryunit&quot;:&quot;un&quot;,&quot;selectedunit&quot;:&quot;primary&quot;,&quot;maxNumberOfUnitsPerSale&quot;:50}" data-price-available="null" :data-has-error="isMaxQtyReached || isMinQtyReached || qtySelectedMoreThanOne">
                        <template v-show="prodUnits">
                        <div class="quantity-input-wrapper has-units">
                        <label class="visually-hidden" :for="'quantity-' + pid + additionalTag">
                        Quantidade no carrinho
                        </label>
                        <input :ref="'quantityInput-' + pid + additionalTag" class="add-to-cart-quantity form-control ct-form-input text-center" inputmode="numeric" :class="{'is-invalid': isInvalid}" :data-pid="pid + additionalTag" :name="'quantity-' + pid + additionalTag" type="text" aria-label="Insira a quantidade" title="" v-model="displayValue" @change="updateQuantity" @focus="updateQtyFormat" @blur="restoreQtyFormat" :disabled="!isPriceAvailable">
                        <span class="quantity-icon quantity-icon--minus">
                        <button class="decrease-quantity-btn" @click="updateQuantity" :disabled="!isPriceAvailable" role="button" aria-label="Reduzir quantidade">
                        <i class="css-math-minus"></i>
                        </button>
                        </span>
                        <span class="quantity-icon quantity-icon--plus">
                        <button class="increase-quantity-btn" @click="updateQuantity" :disabled="isMaxQtyReached || !isPriceAvailable" role="button" aria-label="Aumentar quantidade">
                        <i class="css-math-plus"></i>
                        </button>
                        <span class="quantity-btn-disabled-placeholder"></span>
                        </span>
                        <template v-if="isPDP">
                        <span class="quantity-error ct-span-error text-sm-center product-max-allocation" v-if="isMaxQtyReached">
                        Quantidade máxima atingida
                        </span>
                        <span class="quantity-error ct-span-product text-sm-center product-allocation" v-if="!isMinQtyReached &amp;&amp; !isMaxQtyReached">
                        {{quantitySelected}} no carrinho
                        </span>
                        <span class="quantity-error ct-span-error text-sm-center product-min-allocation" :data-pid="pid" v-if="isMinQtyReached &amp;&amp; !isMaxQtyReached">
                        Quantidade mínima atingida
                        </span>
                        </template>
                        </div>
                        <template v-if="showNotes">
                        <div class="add-note-link-container ">
                        <div class="add-note">
                        <a href="/produto/infusao-n19-camomila-saquetas-raizes-da-natureza-2629238.html?showNote=true" class="ct-add-note-redirect-pdp" aria-label="Adicionar comentário">
                        <span class="svg-wrapper svg-icon-notes" style="width:19px; height:20px">
                        <svg class="svg-inline icon-notes" viewBox="0 0 28 30" xmlns="http://www.w3.org/2000/svg" width="100%" height="100%"><path d="M21.738 0C22.985 0 24 1.04 24 2.319V12.47c0 .469-.37.848-.828.848-.457 0-.827-.38-.827-.848V2.32c0-.343-.273-.622-.607-.622H2.262c-.334 0-.607.279-.607.622V27.68c0 .343.273.622.607.622h7.81c.457 0 .827.38.827.849 0 .468-.37.848-.827.848h-7.81C1.015 30 0 28.96 0 27.681V2.32C0 1.04 1.015 0 2.262 0h19.476zm2.844 16.004l.227.007c.823.053 1.589.39 2.176.964.64.627.993 1.46.993 2.349 0 .888-.353 1.722-.993 2.348l-6.83 6.665c-.11.108-.247.186-.397.226l-5.032 1.363c-.078.021-.16.032-.241.032-.242 0-.478-.097-.647-.266-.23-.231-.314-.566-.218-.874l1.49-4.798c.044-.139.122-.266.227-.369l6.844-6.677c.64-.625 1.493-.97 2.401-.97zm-2.886 3.94l-4.922 4.802-.947 3.048 3.22-.872 4.897-4.78-2.248-2.197zm2.887-2.174c-.425 0-.824.162-1.124.455l-.484.472 2.248 2.197.484-.472c.62-.606.62-1.591 0-2.197l-.117-.104c-.283-.227-.636-.35-1.007-.35zm-10.839.022c.498 0 .904.396.904.883 0 .488-.406.884-.904.884H5.946c-.499 0-.904-.396-.904-.884 0-.487.405-.883.904-.883zm5.042-4.876c.498 0 .904.397.904.884s-.406.884-.904.884H5.946c-.499 0-.904-.397-.904-.884s.405-.884.904-.884zm0-4.875c.498 0 .904.396.904.884 0 .487-.406.883-.904.883H5.946c-.499 0-.904-.396-.904-.883 0-.488.405-.884.904-.884z" fill="#EB0203" fill-rule="evenodd"></path></svg>
                        </span>
                        <div class="available-note d-none"></div>
                        </a>
                        </div>
                        </div>
                        </template>
                        <div class="measurement-unit-section" v-if="isPriceAvailable &amp;&amp; prodUnits ? prodUnits.hasAlternativeUnit : false">
                        <div class="ct-form-radio" @click="setDimension">
                        <input type="radio" title="" class="ct-form-check-input product-measurement-unit" :data-type="prodUnits.selectedUnit == prodUnits.secondaryUnit ? 'primary' : ''" :id="prodUnits.secondaryUnit + '-' + pid + '-measurement-unit-ptile' + additionalTag" :name="'measurement-unit-' + pid + '-ptile' + additionalTag" :value="prodUnits.secondaryUnit" v-model="prodUnits.selectedUnit">
                        <label :class="prodUnits.secondaryUnit + '-label ct-form-check-label mb-0'" :for="prodUnits.secondaryUnit + '-' + pid + '-measurement-unit-ptile' + additionalTag">
                        {{prodUnits.secondaryUnit}}
                        </label>
                        <span class="checkmark"></span>
                        </div>
                        <div class="ct-form-radio" @click="setDimension">
                        <input type="radio" title="" class="ct-form-check-input product-measurement-unit" :data-type="prodUnits.selectedUnit == prodUnits.primaryUnit ? 'primary' : ''" :id="prodUnits.primaryUnit + '-' + pid + '-measurement-unit-ptile' + additionalTag" :name="'measurement-unit-' + pid + '-ptile' + additionalTag" :value="prodUnits.primaryUnit" v-model="prodUnits.selectedUnit">
                        <label :class="prodUnits.primaryUnit + '-label ct-form-check-label mb-0'" :for="prodUnits.primaryUnit + '-' + pid + '-measurement-unit-ptile' + additionalTag">
                        {{prodUnits.primaryUnit}}
                        </label>
                        <span class="checkmark"></span>
                        </div>
                        </div>
                        <template v-if="!isPDP &amp;&amp; isPriceAvailable">
                        <span class="quantity-error ct-span-error product-max-allocation" v-if="isMaxQtyReached">
                        Quantidade máxima atingida
                        </span>
                        <span class="quantity-error ct-span-product product-allocation" v-if="!isMinQtyReached &amp;&amp; !isMaxQtyReached">
                        {{quantitySelected}} no carrinho
                        </span>
                        <span class="quantity-error ct-span-error product-min-allocation" :data-pid="pid" v-if="isMinQtyReached &amp;&amp; !isMaxQtyReached">
                        Quantidade mínima atingida
                        </span>
                        </template>
                        </template>
                        </div>
                        <input class="quantity-value-mask d-none" name="quantity" type="number" min="0" value="">
                        </div>
                        <button type="button" class="add-to-cart button js-add-to-cart js-add-to-cart-tile 2629238 button--primary dynamic-layout-btn" data-toggle="modal" data-target="#chooseBonusProductModal" data-pid="2629238" data-quantity-value="null" aria-label="Carrinho">
                        <span class="d-block d-sm-none">
                        <span class="svg-wrapper svg-icon-cart" style="width:20px; height:20px">
                        <svg class="svg-inline icon-cart" xmlns="http://www.w3.org/2000/svg" viewBox="0 0 500 500" width="100%" height="100%"><path fill="#EB0203" fill-rule="evenodd" d="M 485.67317,94.386311 C 476.37798,83.847129 463.09468,78.03348 448.30404,78.03348 H 90.690813 L 87.079511,51.327997 C 83.185582,22.539551 62.962285,0 41.011841,0 H 14.727836 C 6.563151,0 0,6.5286975 0,14.580758 c 0,8.05206 6.5945535,14.580758 14.727836,14.580758 h 26.284005 c 4.710398,0 14.696435,9.855222 16.894619,26.021523 L 100.01739,368.0631 c 1.88416,13.77244 9.01256,26.70549 20.1605,36.37417 8.25889,7.15046 18.02511,11.9071 28.26237,13.89679 -4.17655,7.58572 -6.53175,16.25957 -6.53175,25.493 0,29.53459 24.27424,53.59751 54.13815,53.59751 29.8325,0 54.13814,-24.03184 54.13814,-53.59751 0,-8.79818 -2.19818,-17.09897 -5.9979,-24.43598 h 77.12488 c -3.79973,7.33701 -5.96652,15.6378 -5.96652,24.43598 0,29.53459 24.27424,53.59751 54.13817,53.59751 29.83249,0 54.13814,-24.03184 54.13814,-53.59751 0,-8.79818 -2.1982,-17.09897 -5.9979,-24.43598 h 38.56243 c 8.13328,0 14.72783,-6.5287 14.72783,-14.61183 0,-8.02098 -6.59455,-14.54967 -14.72783,-14.54967 H 159.24277 c -14.38241,0 -28.13677,-11.90711 -30.02092,-26.02153 l -3.07746,-22.88154 h 290.6314 c 14.03698,0 27.94834,-5.28513 39.06488,-14.95381 11.11652,-9.6376 18.27632,-22.57065 20.16048,-36.37417 l 21.10259,-156.78201 c 1.94694,-14.51858 -2.10398,-28.29103 -11.43057,-38.861299 z M 220.76053,443.82706 c 0,13.49265 -11.08513,24.46709 -24.68247,24.46709 -13.62874,0 -24.71387,-10.97444 -24.71387,-24.46709 0,-13.49262 11.08513,-24.43598 24.71387,-24.43598 13.59734,0 24.68247,10.94336 24.68247,24.43598 z m 173.43675,0 c 0,13.49265 -11.08512,24.46709 -24.68245,24.46709 -13.62876,0 -24.71388,-10.97444 -24.71388,-24.46709 0,-13.49262 11.08512,-24.43598 24.71388,-24.43598 13.59733,0 24.68245,10.94336 24.68245,24.43598 z m 73.7648,-314.46558 -21.13397,156.782 c -1.88416,14.11442 -15.63851,26.05261 -30.02091,26.05261 H 122.25046 L 94.616142,107.19499 H 448.33544 c 6.18632,0 11.61896,2.2695 15.23028,6.37326 3.64269,4.13484 5.21283,9.73086 4.39636,15.79323 z"></path></svg>
                        </span>
                        </span>
                        <span class="add-to-cart--text d-none d-sm-block">Carrinho</span>
                        </button>
                        </div>
                        </div>
                        </div>
                        </div>
                        
                        <div class="col-12 d-sm-none">
                        </div>
                        </div>
                        </div>
                        </div>
                        </div>
                        <div class="col-12 col-sm-3 col-lg-2 productTile" data-idx="24">
                        
                        <script type="text/javascript">//<!--
                        /* <![CDATA[ */
                        (function(){
                        try {
                            if(window.CQuotient) {
                            var cq_params = {};
                            
                            cq_params.cookieId = window.CQuotient.getCQCookieId();
                            cq_params.userId = window.CQuotient.getCQUserId();
                            cq_params.emailId = CQuotient.getCQHashedEmail();
                            cq_params.loginId = CQuotient.getCQHashedLogin();
                            cq_params.accumulate = true;
                            cq_params.products = [{
                                id: '7405694',
                                sku: ''
                            }];
                            cq_params.categoryId = 'mercearias';
                            cq_params.refinements = '[{\"name\":\"priceMin\",\"value\":\"0.01\"},{\"name\":\"priceMax\",\"value\":\"null\"},{\"name\":\"curr\",\"value\":\"EUR\"},{\"name\":\"Category\",\"value\":\"mercearias\"}]';
                            cq_params.personalized = 'false';
                            cq_params.sortingRule = 'FOOD_Mercearia';
                            cq_params.imageUUID = '__UNDEFINED__';
                            cq_params.realm = "BDVS";
                            cq_params.siteId = "continente";
                            cq_params.instanceType = "prd";
                            cq_params.queryLocale = "default";
                            cq_params.locale = window.CQuotient.locale;
                            
                            if(window.CQuotient.sendActivity)
                                window.CQuotient.sendActivity(CQuotient.clientId, 'viewCategory', cq_params);
                            else
                                window.CQuotient.activities.push({
                                    activityType: 'viewCategory',
                                    parameters: cq_params
                                });
                          }
                        } catch(err) {}
                        })();
                        /* ]]> */
                        // -->
                        </script>
                        <script type="text/javascript">//<!--
                        /* <![CDATA[ (viewCategoryProduct-active_data.js) */
                        (function(){
                        try {
                            if (dw.ac) {
                                var search_params = {};
                                search_params.persd = 'false';
                                search_params.refs = '[{\"name\":\"priceMin\",\"value\":\"0.01\"},{\"name\":\"priceMax\",\"value\":\"null\"},{\"name\":\"curr\",\"value\":\"EUR\"},{\"name\":\"Category\",\"value\":\"mercearias\"}]';
                                search_params.sort = 'FOOD_Mercearia';
                                search_params.imageUUID = '';
                                search_params.searchID = 'afeeff71-841d-471a-a4b6-1885a5ac2689';
                                search_params.locale = 'default';
                                search_params.queryLocale = 'default';
                                search_params.showProducts = 'true';
                                dw.ac.applyContext({category: "mercearias", searchData: search_params});
                                if (typeof dw.ac._scheduleDataSubmission === "function") {
                                    dw.ac._scheduleDataSubmission();
                                }
                            }
                        } catch(err) {}
                        })();
                        /* ]]> */
                        // -->
                        </script>
                        <script type="text/javascript">//<!--
                        /* <![CDATA[ (viewProduct-active_data.js) */
                        dw.ac._capture({id: "7405694", type: "searchhit"});
                        /* ]]> */
                        // -->
                        </script>
                        <div class="product" data-pid="7405694">
                        <div class="product-tile pid-7405694 ct-product-tile data-layer-pushed" data-delay-time="3000" data-variants-mapping="[]" data-in-cart-msg="no carrinho" data-one-product-added="Adicionado ao carrinho" data-remove-from-cart-msg="Removido do carrinho" data-stay-open="6000.0" data-product-tile-impression="{&quot;name&quot;:&quot;7405694&quot;,&quot;id&quot;:&quot;7405694&quot;,&quot;price&quot;:17.99,&quot;brand&quot;:&quot;Dolce Gusto&quot;,&quot;category&quot;:[{&quot;category_level_1&quot;:&quot;Mercearia&quot;},{&quot;category_level_2&quot;:&quot;Café, Chá e Chocolate Solúvel&quot;},{&quot;category_level_3&quot;:&quot;Café em Cápsulas&quot;}],&quot;variant&quot;:&quot;&quot;}">
                        <div class="ct-inner-tile-wrap row no-gutters justify-content-center align-content-start">
                        
                        <div class="ct-image-container col-4 col-sm" data-confirmation-image="{&quot;url&quot;:&quot;https://www.continente.pt/dw/image/v2/BDVS_PRD/on/demandware.static/-/Sites-col-master-catalog/default/dw08af7236/images/col/740/7405694-frente.jpg?sw=87&amp;sh=80&quot;,&quot;fallbackimage&quot;:{&quot;url&quot;:&quot;https://www.continente.pt/dw/image/v2/BDVS_PRD/on/demandware.static/Sites-continente-Site/-/default/dw7c42b4da/images/noimagelarge_product.png?sw=87&amp;sh=80&quot;,&quot;title&quot;:&quot;Cápsulas de Café Sical Intensidade 7&quot;,&quot;alt&quot;:&quot;Cápsulas de Café Sical Intensidade 7&quot;},&quot;title&quot;:&quot;Cápsulas de Café Sical Intensidade 7&quot;,&quot;alt&quot;:&quot;Cápsulas de Café Sical Intensidade 7&quot;}">
                        <a href="https://www.continente.pt/produto/capsulas-de-cafe-sical-intensidade-7-dolce-gusto-7405694.html?cgid=mercearias">
                        <picture class="intrinsic intrinsic--square">
                        <img class="ct-tile-image lazyloaded" loading="lazy" onerror="this.onerror=null;this.src='/on/demandware.static/Sites-continente-Site/-/default/dw7c42b4da/images/noimagelarge_product.png';" data-src="https://www.continente.pt/dw/image/v2/BDVS_PRD/on/demandware.static/-/Sites-col-master-catalog/default/dw08af7236/images/col/740/7405694-frente.jpg?sw=280&amp;sh=280" alt="Cápsulas de Café Sical Intensidade 7" title="Cápsulas de Café Sical Intensidade 7" src="https://www.continente.pt/dw/image/v2/BDVS_PRD/on/demandware.static/-/Sites-col-master-catalog/default/dw08af7236/images/col/740/7405694-frente.jpg?sw=280&amp;sh=280">
                        </picture>
                        </a>
                        <div class="color-swatches d-flex" style="margin-left: 5px;">
                        <div class="swatches d-flex">
                        </div>
                        </div>
                        </div>
                        <div class="ct-tile-body col col-sm-auto ">
                        <div class="ct-pdp-details">
                        
                        <div class="ct-pdp-link">
                        <a class="ct-tile--description" href="https://www.continente.pt/produto/capsulas-de-cafe-sical-intensidade-7-dolce-gusto-7405694.html?cgid=mercearias">Cápsulas de Café Sical Intensidade 7</a>
                        <div class="ct-tile--favorite-top d-sm-none">
                        <button class="wishlist-toggler guest-mode inactive button button--tertiary" data-pid="7405694" data-add-url="https://www.continente.pt/on/demandware.store/Sites-continente-Site/default/Wishlist-AddProduct?pid=7405694" data-toggle="tooltip" aria-label="Adicionar aos favoritos " data-original-title="Adicionar aos favoritos" data-placement="top">
                        <svg class="active-content" width="100%" height="100%" viewBox="0 0 20 22" fill="none" xmlns="http://www.w3.org/2000/svg">
                        <path fill-rule="evenodd" clip-rule="evenodd" d="M0 1.53052C0 0.685236 0.692171 0 1.54601 0H15.0736C15.9274 0 16.6196 0.685235 16.6196 1.53052V13.4064L15.8127 13.922L14.2658 14.2658L12.7189 13.4064L10.6054 14.3818C10.4994 14.2451 10.3327 14.157 10.1452 14.157H6.76329C6.4431 14.157 6.18354 14.414 6.18354 14.731C6.18354 15.0479 6.4431 15.3049 6.76329 15.3049H10.1452C10.2478 15.3049 10.3441 15.2785 10.4277 15.2322L10.3126 16.8439L13.2345 20.2793H1.54601C0.69217 20.2793 0 19.5941 0 18.7488V1.53052ZM6.18354 5.5483C6.18354 5.23132 6.4431 4.97436 6.76329 4.97436H12.3676C12.6878 4.97436 12.9473 5.23132 12.9473 5.5483C12.9473 5.86528 12.6878 6.12224 12.3676 6.12224H6.76329C6.4431 6.12224 6.18354 5.86528 6.18354 5.5483ZM6.76329 11.0961C6.4431 11.0961 6.18354 11.3531 6.18354 11.6701C6.18354 11.987 6.4431 12.244 6.76329 12.244H12.3676C12.6878 12.244 12.9473 11.987 12.9473 11.6701C12.9473 11.3531 12.6878 11.0961 12.3676 11.0961H6.76329ZM6.18354 8.60985C6.18354 8.29287 6.4431 8.03591 6.76329 8.03591H12.3676C12.6878 8.03591 12.9473 8.29287 12.9473 8.60985C12.9473 8.92684 12.6878 9.1838 12.3676 9.1838H6.76329C6.4431 9.1838 6.18354 8.92684 6.18354 8.60985ZM3.67118 5.5483C3.67118 5.23132 3.93075 4.97436 4.25093 4.97436H4.63743C4.95762 4.97436 5.21719 5.23132 5.21719 5.5483C5.21719 5.86528 4.95762 6.12224 4.63743 6.12224H4.25093C3.93075 6.12224 3.67118 5.86528 3.67118 5.5483ZM4.25093 11.0961C3.93075 11.0961 3.67118 11.3531 3.67118 11.6701C3.67118 11.987 3.93075 12.244 4.25093 12.244H4.63743C4.95762 12.244 5.21719 11.987 5.21719 11.6701C5.21719 11.3531 4.95762 11.0961 4.63743 11.0961H4.25093ZM3.67118 8.60985C3.67118 8.29287 3.93075 8.03591 4.25093 8.03591H4.63743C4.95762 8.03591 5.21719 8.29287 5.21719 8.60985C5.21719 8.92684 4.95762 9.1838 4.63743 9.1838H4.25093C3.93075 9.1838 3.67118 8.92684 3.67118 8.60985ZM4.25093 14.157C3.93075 14.157 3.67118 14.414 3.67118 14.731C3.67118 15.0479 3.93075 15.3049 4.25093 15.3049H4.63743C4.95762 15.3049 5.21719 15.0479 5.21719 14.731C5.21719 14.414 4.95762 14.157 4.63743 14.157H4.25093Z" fill="#EB0203"></path>
                        <path fill-rule="evenodd" clip-rule="evenodd" d="M14.6252 13.6363C13.4918 12.6215 11.7817 12.5264 10.6569 13.4792C9.12421 14.7764 9.34841 16.8912 10.4409 18.0122L14.0159 21.6742C14.2197 21.8832 14.4928 22 14.7822 22C15.0737 22 15.3448 21.8852 15.5486 21.6762L19.1236 18.0142C20.214 16.8933 20.4423 14.7785 18.9075 13.4792C17.7827 12.5283 16.0724 12.6217 14.9391 13.6365C14.8855 13.6845 14.8331 13.7345 14.7822 13.7866C14.7313 13.7345 14.6789 13.6843 14.6252 13.6363ZM18.1546 14.3522C19.0973 15.1508 18.9962 16.4896 18.2891 17.2173C18.2888 17.2175 18.2886 17.2177 18.2884 17.218L14.7832 20.8084L11.2753 17.2151C11.2752 17.215 11.2751 17.2149 11.2749 17.2148C10.5677 16.4887 10.4678 15.1495 11.4104 14.3518L11.4108 14.3514C12.0745 13.7892 13.2018 13.82 13.9488 14.5846L14.7822 15.4378L15.6157 14.5846C16.3617 13.8211 17.4896 13.79 18.1545 14.3521" fill="#EB0203"></path>
                        </svg>
                        <svg class="inactive-content" width="100%" height="100%" viewBox="0 0 20 23" fill="none" xmlns="http://www.w3.org/2000/svg">
                        <path fill-rule="evenodd" clip-rule="evenodd" d="M6.18408 5.77914C6.18408 5.46223 6.44363 5.20532 6.7638 5.20532H12.3678C12.6879 5.20532 12.9475 5.46223 12.9475 5.77914C12.9475 6.09606 12.6879 6.35297 12.3678 6.35297H6.7638C6.44363 6.35297 6.18408 6.09606 6.18408 5.77914Z" fill="#EB0203"></path>
                        <path fill-rule="evenodd" clip-rule="evenodd" d="M6.18408 11.9034C6.18408 11.5865 6.44363 11.3296 6.7638 11.3296H12.3678C12.6879 11.3296 12.9475 11.5865 12.9475 11.9034C12.9475 12.2202 12.6879 12.4771 12.3678 12.4771H6.7638C6.44363 12.4771 6.18408 12.2202 6.18408 11.9034Z" fill="#EB0203"></path>
                        <path fill-rule="evenodd" clip-rule="evenodd" d="M6.18408 8.84116C6.18408 8.52424 6.44363 8.26733 6.7638 8.26733H12.3678C12.6879 8.26733 12.9475 8.52424 12.9475 8.84116C12.9475 9.15807 12.6879 9.41498 12.3678 9.41498H6.7638C6.44363 9.41498 6.18408 9.15807 6.18408 8.84116Z" fill="#EB0203"></path>
                        <path fill-rule="evenodd" clip-rule="evenodd" d="M6.18408 14.9655C6.18408 14.6486 6.44363 14.3917 6.7638 14.3917H10.1455C10.4657 14.3917 10.7252 14.6486 10.7252 14.9655C10.7252 15.2825 10.4657 15.5394 10.1455 15.5394H6.7638C6.44363 15.5394 6.18408 15.2825 6.18408 14.9655Z" fill="#EB0203"></path>
                        <path fill-rule="evenodd" clip-rule="evenodd" d="M3.67139 5.77914C3.67139 5.46223 3.93094 5.20532 4.25111 5.20532H4.63759C4.95776 5.20532 5.21731 5.46223 5.21731 5.77914C5.21731 6.09606 4.95776 6.35297 4.63759 6.35297H4.25111C3.93094 6.35297 3.67139 6.09606 3.67139 5.77914Z" fill="#EB0203"></path>
                        <path fill-rule="evenodd" clip-rule="evenodd" d="M3.67139 11.9034C3.67139 11.5865 3.93094 11.3296 4.25111 11.3296H4.63759C4.95776 11.3296 5.21731 11.5865 5.21731 11.9034C5.21731 12.2202 4.95776 12.4771 4.63759 12.4771H4.25111C3.93094 12.4771 3.67139 12.2202 3.67139 11.9034Z" fill="#EB0203"></path>
                        <path fill-rule="evenodd" clip-rule="evenodd" d="M3.67139 8.84116C3.67139 8.52424 3.93094 8.26733 4.25111 8.26733H4.63759C4.95776 8.26733 5.21731 8.52424 5.21731 8.84116C5.21731 9.15807 4.95776 9.41498 4.63759 9.41498H4.25111C3.93094 9.41498 3.67139 9.15807 3.67139 8.84116Z" fill="#EB0203"></path>
                        <path fill-rule="evenodd" clip-rule="evenodd" d="M3.67139 14.9655C3.67139 14.6486 3.93094 14.3917 4.25111 14.3917H4.63759C4.95776 14.3917 5.21731 14.6486 5.21731 14.9655C5.21731 15.2825 4.95776 15.5394 4.63759 15.5394H4.25111C3.93094 15.5394 3.67139 15.2825 3.67139 14.9655Z" fill="#EB0203"></path>
                        <path fill-rule="evenodd" clip-rule="evenodd" d="M0 1.76033C0 0.914738 0.692131 0.229248 1.54592 0.229248H15.0727C15.9265 0.229248 16.6186 0.914738 16.6186 1.76033V11.2818C16.6186 11.5989 16.3591 11.8559 16.0389 11.8559C15.7187 11.8559 15.4592 11.5989 15.4592 11.2818V1.76033C15.4592 1.54893 15.2862 1.37756 15.0727 1.37756H1.54592C1.33247 1.37756 1.15944 1.54893 1.15944 1.76033V18.985C1.15944 19.1964 1.33247 19.3678 1.54592 19.3678H9.27551C9.59568 19.3678 9.85523 19.6249 9.85523 19.942C9.85523 20.2591 9.59568 20.5161 9.27551 20.5161H1.54592C0.692131 20.5161 0 19.8306 0 18.985V1.76033Z" fill="#EB0203"></path>
                        <path fill-rule="evenodd" clip-rule="evenodd" d="M14.6254 13.8718C13.4921 12.8567 11.7821 12.7615 10.6574 13.7147C9.12472 15.0124 9.34891 17.128 10.4413 18.2493L14.0161 21.9126C14.2199 22.1217 14.493 22.2386 14.7824 22.2386C15.0739 22.2386 15.3449 22.1238 15.5487 21.9147L19.1235 18.2514C20.2139 17.13 20.4422 15.0144 18.9075 13.7147C17.7827 12.7634 16.0726 12.8569 14.9392 13.872C14.8856 13.92 14.8333 13.9701 14.7824 14.0222C14.7314 13.97 14.6791 13.9199 14.6254 13.8718ZM18.1546 14.588C19.0972 15.3869 18.9961 16.7262 18.2891 17.4541C18.2888 17.4543 18.2886 17.4546 18.2884 17.4548L14.7834 21.0466L11.2757 17.452C11.2756 17.4519 11.2755 17.4517 11.2753 17.4516C10.5681 16.7252 10.4682 15.3856 11.4108 14.5876L11.4112 14.5872C12.0748 14.0248 13.202 14.0556 13.949 14.8205L14.7824 15.674L15.6158 14.8205C16.3618 14.0567 17.4896 14.0256 18.1545 14.5879" fill="#EB0203"></path>
                        </svg>
                        </button>
                        </div>
                        </div>
                        <p class="ct-tile--brand">Dolce Gusto</p>
                        <p class="ct-tile--quantity">emb. 64 un</p>
                        </div>
                        <div class="ct-tile-bottom row no-gutters justify-content-between">
                        <div class="ct-price-wrap col-8 col-sm-12">
                        
                        <div class="price js-product-price">
                        <div class="prices-wrapper">
                        <span class="sales ct-tile--price-primary ">
                        <span class="value" content="17.99">
                        <span class="ct-price-formatted">
                        €17,99
                        </span>
                        <span class="ct-m-unit">
                        /un
                        </span>
                        </span>
                        </span>
                        </div>
                        <div class="ct-tile--price-secondary">
                        <span class="ct-price-value">
                        €0,28
                        </span>
                        <span class="ct-m-unit">
                        /un
                        </span>
                        </div>
                        </div>
                        </div>
                        <div class="ct-tile-buy-section d-flex justify-content-center no-gutters col-auto col-sm-12">
                        <div class="col-2 d-sm-flex d-none">
                        <button class="wishlist-toggler guest-mode inactive button button--tertiary" data-pid="7405694" data-add-url="https://www.continente.pt/on/demandware.store/Sites-continente-Site/default/Wishlist-AddProduct?pid=7405694" data-toggle="tooltip" aria-label="Adicionar aos favoritos " data-original-title="Adicionar aos favoritos" data-placement="top">
                        <svg class="active-content" width="100%" height="100%" viewBox="0 0 20 22" fill="none" xmlns="http://www.w3.org/2000/svg">
                        <path fill-rule="evenodd" clip-rule="evenodd" d="M0 1.53052C0 0.685236 0.692171 0 1.54601 0H15.0736C15.9274 0 16.6196 0.685235 16.6196 1.53052V13.4064L15.8127 13.922L14.2658 14.2658L12.7189 13.4064L10.6054 14.3818C10.4994 14.2451 10.3327 14.157 10.1452 14.157H6.76329C6.4431 14.157 6.18354 14.414 6.18354 14.731C6.18354 15.0479 6.4431 15.3049 6.76329 15.3049H10.1452C10.2478 15.3049 10.3441 15.2785 10.4277 15.2322L10.3126 16.8439L13.2345 20.2793H1.54601C0.69217 20.2793 0 19.5941 0 18.7488V1.53052ZM6.18354 5.5483C6.18354 5.23132 6.4431 4.97436 6.76329 4.97436H12.3676C12.6878 4.97436 12.9473 5.23132 12.9473 5.5483C12.9473 5.86528 12.6878 6.12224 12.3676 6.12224H6.76329C6.4431 6.12224 6.18354 5.86528 6.18354 5.5483ZM6.76329 11.0961C6.4431 11.0961 6.18354 11.3531 6.18354 11.6701C6.18354 11.987 6.4431 12.244 6.76329 12.244H12.3676C12.6878 12.244 12.9473 11.987 12.9473 11.6701C12.9473 11.3531 12.6878 11.0961 12.3676 11.0961H6.76329ZM6.18354 8.60985C6.18354 8.29287 6.4431 8.03591 6.76329 8.03591H12.3676C12.6878 8.03591 12.9473 8.29287 12.9473 8.60985C12.9473 8.92684 12.6878 9.1838 12.3676 9.1838H6.76329C6.4431 9.1838 6.18354 8.92684 6.18354 8.60985ZM3.67118 5.5483C3.67118 5.23132 3.93075 4.97436 4.25093 4.97436H4.63743C4.95762 4.97436 5.21719 5.23132 5.21719 5.5483C5.21719 5.86528 4.95762 6.12224 4.63743 6.12224H4.25093C3.93075 6.12224 3.67118 5.86528 3.67118 5.5483ZM4.25093 11.0961C3.93075 11.0961 3.67118 11.3531 3.67118 11.6701C3.67118 11.987 3.93075 12.244 4.25093 12.244H4.63743C4.95762 12.244 5.21719 11.987 5.21719 11.6701C5.21719 11.3531 4.95762 11.0961 4.63743 11.0961H4.25093ZM3.67118 8.60985C3.67118 8.29287 3.93075 8.03591 4.25093 8.03591H4.63743C4.95762 8.03591 5.21719 8.29287 5.21719 8.60985C5.21719 8.92684 4.95762 9.1838 4.63743 9.1838H4.25093C3.93075 9.1838 3.67118 8.92684 3.67118 8.60985ZM4.25093 14.157C3.93075 14.157 3.67118 14.414 3.67118 14.731C3.67118 15.0479 3.93075 15.3049 4.25093 15.3049H4.63743C4.95762 15.3049 5.21719 15.0479 5.21719 14.731C5.21719 14.414 4.95762 14.157 4.63743 14.157H4.25093Z" fill="#EB0203"></path>
                        <path fill-rule="evenodd" clip-rule="evenodd" d="M14.6252 13.6363C13.4918 12.6215 11.7817 12.5264 10.6569 13.4792C9.12421 14.7764 9.34841 16.8912 10.4409 18.0122L14.0159 21.6742C14.2197 21.8832 14.4928 22 14.7822 22C15.0737 22 15.3448 21.8852 15.5486 21.6762L19.1236 18.0142C20.214 16.8933 20.4423 14.7785 18.9075 13.4792C17.7827 12.5283 16.0724 12.6217 14.9391 13.6365C14.8855 13.6845 14.8331 13.7345 14.7822 13.7866C14.7313 13.7345 14.6789 13.6843 14.6252 13.6363ZM18.1546 14.3522C19.0973 15.1508 18.9962 16.4896 18.2891 17.2173C18.2888 17.2175 18.2886 17.2177 18.2884 17.218L14.7832 20.8084L11.2753 17.2151C11.2752 17.215 11.2751 17.2149 11.2749 17.2148C10.5677 16.4887 10.4678 15.1495 11.4104 14.3518L11.4108 14.3514C12.0745 13.7892 13.2018 13.82 13.9488 14.5846L14.7822 15.4378L15.6157 14.5846C16.3617 13.8211 17.4896 13.79 18.1545 14.3521" fill="#EB0203"></path>
                        </svg>
                        <svg class="inactive-content" width="100%" height="100%" viewBox="0 0 20 23" fill="none" xmlns="http://www.w3.org/2000/svg">
                        <path fill-rule="evenodd" clip-rule="evenodd" d="M6.18408 5.77914C6.18408 5.46223 6.44363 5.20532 6.7638 5.20532H12.3678C12.6879 5.20532 12.9475 5.46223 12.9475 5.77914C12.9475 6.09606 12.6879 6.35297 12.3678 6.35297H6.7638C6.44363 6.35297 6.18408 6.09606 6.18408 5.77914Z" fill="#EB0203"></path>
                        <path fill-rule="evenodd" clip-rule="evenodd" d="M6.18408 11.9034C6.18408 11.5865 6.44363 11.3296 6.7638 11.3296H12.3678C12.6879 11.3296 12.9475 11.5865 12.9475 11.9034C12.9475 12.2202 12.6879 12.4771 12.3678 12.4771H6.7638C6.44363 12.4771 6.18408 12.2202 6.18408 11.9034Z" fill="#EB0203"></path>
                        <path fill-rule="evenodd" clip-rule="evenodd" d="M6.18408 8.84116C6.18408 8.52424 6.44363 8.26733 6.7638 8.26733H12.3678C12.6879 8.26733 12.9475 8.52424 12.9475 8.84116C12.9475 9.15807 12.6879 9.41498 12.3678 9.41498H6.7638C6.44363 9.41498 6.18408 9.15807 6.18408 8.84116Z" fill="#EB0203"></path>
                        <path fill-rule="evenodd" clip-rule="evenodd" d="M6.18408 14.9655C6.18408 14.6486 6.44363 14.3917 6.7638 14.3917H10.1455C10.4657 14.3917 10.7252 14.6486 10.7252 14.9655C10.7252 15.2825 10.4657 15.5394 10.1455 15.5394H6.7638C6.44363 15.5394 6.18408 15.2825 6.18408 14.9655Z" fill="#EB0203"></path>
                        <path fill-rule="evenodd" clip-rule="evenodd" d="M3.67139 5.77914C3.67139 5.46223 3.93094 5.20532 4.25111 5.20532H4.63759C4.95776 5.20532 5.21731 5.46223 5.21731 5.77914C5.21731 6.09606 4.95776 6.35297 4.63759 6.35297H4.25111C3.93094 6.35297 3.67139 6.09606 3.67139 5.77914Z" fill="#EB0203"></path>
                        <path fill-rule="evenodd" clip-rule="evenodd" d="M3.67139 11.9034C3.67139 11.5865 3.93094 11.3296 4.25111 11.3296H4.63759C4.95776 11.3296 5.21731 11.5865 5.21731 11.9034C5.21731 12.2202 4.95776 12.4771 4.63759 12.4771H4.25111C3.93094 12.4771 3.67139 12.2202 3.67139 11.9034Z" fill="#EB0203"></path>
                        <path fill-rule="evenodd" clip-rule="evenodd" d="M3.67139 8.84116C3.67139 8.52424 3.93094 8.26733 4.25111 8.26733H4.63759C4.95776 8.26733 5.21731 8.52424 5.21731 8.84116C5.21731 9.15807 4.95776 9.41498 4.63759 9.41498H4.25111C3.93094 9.41498 3.67139 9.15807 3.67139 8.84116Z" fill="#EB0203"></path>
                        <path fill-rule="evenodd" clip-rule="evenodd" d="M3.67139 14.9655C3.67139 14.6486 3.93094 14.3917 4.25111 14.3917H4.63759C4.95776 14.3917 5.21731 14.6486 5.21731 14.9655C5.21731 15.2825 4.95776 15.5394 4.63759 15.5394H4.25111C3.93094 15.5394 3.67139 15.2825 3.67139 14.9655Z" fill="#EB0203"></path>
                        <path fill-rule="evenodd" clip-rule="evenodd" d="M0 1.76033C0 0.914738 0.692131 0.229248 1.54592 0.229248H15.0727C15.9265 0.229248 16.6186 0.914738 16.6186 1.76033V11.2818C16.6186 11.5989 16.3591 11.8559 16.0389 11.8559C15.7187 11.8559 15.4592 11.5989 15.4592 11.2818V1.76033C15.4592 1.54893 15.2862 1.37756 15.0727 1.37756H1.54592C1.33247 1.37756 1.15944 1.54893 1.15944 1.76033V18.985C1.15944 19.1964 1.33247 19.3678 1.54592 19.3678H9.27551C9.59568 19.3678 9.85523 19.6249 9.85523 19.942C9.85523 20.2591 9.59568 20.5161 9.27551 20.5161H1.54592C0.692131 20.5161 0 19.8306 0 18.985V1.76033Z" fill="#EB0203"></path>
                        <path fill-rule="evenodd" clip-rule="evenodd" d="M14.6254 13.8718C13.4921 12.8567 11.7821 12.7615 10.6574 13.7147C9.12472 15.0124 9.34891 17.128 10.4413 18.2493L14.0161 21.9126C14.2199 22.1217 14.493 22.2386 14.7824 22.2386C15.0739 22.2386 15.3449 22.1238 15.5487 21.9147L19.1235 18.2514C20.2139 17.13 20.4422 15.0144 18.9075 13.7147C17.7827 12.7634 16.0726 12.8569 14.9392 13.872C14.8856 13.92 14.8333 13.9701 14.7824 14.0222C14.7314 13.97 14.6791 13.9199 14.6254 13.8718ZM18.1546 14.588C19.0972 15.3869 18.9961 16.7262 18.2891 17.4541C18.2888 17.4543 18.2886 17.4546 18.2884 17.4548L14.7834 21.0466L11.2757 17.452C11.2756 17.4519 11.2755 17.4517 11.2753 17.4516C10.5681 16.7252 10.4682 15.3856 11.4108 14.5876L11.4112 14.5872C12.0748 14.0248 13.202 14.0556 13.949 14.8205L14.7824 15.674L15.6158 14.8205C16.3618 14.0567 17.4896 14.0256 18.1545 14.5879" fill="#EB0203"></path>
                        </svg>
                        </button>
                        </div>
                        <div class="col-sm-10 col-12">
                        <div class="ct-tile-quantity d-none" data-pid="7405694">
                        <input type="hidden" class="add-to-cart-url" value="https://www.continente.pt/on/demandware.store/Sites-continente-Site/default/Cart-AddProduct">
                        <div class="d-none tile-delete-confirmation-btn" data-pid="7405694" data-delay-time="3000" data-in-cart-msg="no carrinho" data-one-product-added="Adicionado ao carrinho" data-remove-from-cart-msg="Removido do carrinho" data-stay-open="6000.0" data-confirmation-image="{&quot;url&quot;:&quot;https://www.continente.pt/dw/image/v2/BDVS_PRD/on/demandware.static/-/Sites-col-master-catalog/default/dw08af7236/images/col/740/7405694-frente.jpg?sw=87&amp;sh=80&quot;,&quot;fallbackimage&quot;:{&quot;url&quot;:&quot;https://www.continente.pt/dw/image/v2/BDVS_PRD/on/demandware.static/Sites-continente-Site/-/default/dw7c42b4da/images/noimagelarge_product.png?sw=87&amp;sh=80&quot;,&quot;title&quot;:&quot;Cápsulas de Café Sical Intensidade 7&quot;,&quot;alt&quot;:&quot;Cápsulas de Café Sical Intensidade 7&quot;},&quot;title&quot;:&quot;Cápsulas de Café Sical Intensidade 7&quot;,&quot;alt&quot;:&quot;Cápsulas de Café Sical Intensidade 7&quot;}"></div>
                        <div class="ct-tile-quantity-update quantity-update product-qty-vue" data-remove-action="https://www.continente.pt/on/demandware.store/Sites-continente-Site/default/Cart-RemoveProductLineItem" data-action="https://www.continente.pt/on/demandware.store/Sites-continente-Site/default/Cart-UpdateQuantity" data-dimension-update="https://www.continente.pt/on/demandware.store/Sites-continente-Site/default/Cart-DimensionUpdate" data-pid="7405694" data-uuid="f09ee3e40a7ff8e844919acd8b" data-add-delay="500.0" data-measure-options="{&quot;hasConversionRate&quot;:false,&quot;hasAlternativeSaleUnit&quot;:false,&quot;unitConversionRate&quot;:0,&quot;minOrderQuantity&quot;:1,&quot;stepQuantity&quot;:1,&quot;primaryunit&quot;:&quot;un&quot;,&quot;secondaryunit&quot;:&quot;un&quot;,&quot;selectedunit&quot;:&quot;primary&quot;,&quot;maxNumberOfUnitsPerSale&quot;:50}" data-price-available="null" :data-has-error="isMaxQtyReached || isMinQtyReached || qtySelectedMoreThanOne">
                        <template v-show="prodUnits">
                        <div class="quantity-input-wrapper has-units">
                        <label class="visually-hidden" :for="'quantity-' + pid + additionalTag">
                        Quantidade no carrinho
                        </label>
                        <input :ref="'quantityInput-' + pid + additionalTag" class="add-to-cart-quantity form-control ct-form-input text-center" inputmode="numeric" :class="{'is-invalid': isInvalid}" :data-pid="pid + additionalTag" :name="'quantity-' + pid + additionalTag" type="text" aria-label="Insira a quantidade" title="" v-model="displayValue" @change="updateQuantity" @focus="updateQtyFormat" @blur="restoreQtyFormat" :disabled="!isPriceAvailable">
                        <span class="quantity-icon quantity-icon--minus">
                        <button class="decrease-quantity-btn" @click="updateQuantity" :disabled="!isPriceAvailable" role="button" aria-label="Reduzir quantidade">
                        <i class="css-math-minus"></i>
                        </button>
                        </span>
                        <span class="quantity-icon quantity-icon--plus">
                        <button class="increase-quantity-btn" @click="updateQuantity" :disabled="isMaxQtyReached || !isPriceAvailable" role="button" aria-label="Aumentar quantidade">
                        <i class="css-math-plus"></i>
                        </button>
                        <span class="quantity-btn-disabled-placeholder"></span>
                        </span>
                        <template v-if="isPDP">
                        <span class="quantity-error ct-span-error text-sm-center product-max-allocation" v-if="isMaxQtyReached">
                        Quantidade máxima atingida
                        </span>
                        <span class="quantity-error ct-span-product text-sm-center product-allocation" v-if="!isMinQtyReached &amp;&amp; !isMaxQtyReached">
                        {{quantitySelected}} no carrinho
                        </span>
                        <span class="quantity-error ct-span-error text-sm-center product-min-allocation" :data-pid="pid" v-if="isMinQtyReached &amp;&amp; !isMaxQtyReached">
                        Quantidade mínima atingida
                        </span>
                        </template>
                        </div>
                        <template v-if="showNotes">
                        <div class="add-note-link-container ">
                        <div class="add-note">
                        <a href="/produto/capsulas-de-cafe-sical-intensidade-7-dolce-gusto-7405694.html?showNote=true" class="ct-add-note-redirect-pdp" aria-label="Adicionar comentário">
                        <span class="svg-wrapper svg-icon-notes" style="width:19px; height:20px">
                        <svg class="svg-inline icon-notes" viewBox="0 0 28 30" xmlns="http://www.w3.org/2000/svg" width="100%" height="100%"><path d="M21.738 0C22.985 0 24 1.04 24 2.319V12.47c0 .469-.37.848-.828.848-.457 0-.827-.38-.827-.848V2.32c0-.343-.273-.622-.607-.622H2.262c-.334 0-.607.279-.607.622V27.68c0 .343.273.622.607.622h7.81c.457 0 .827.38.827.849 0 .468-.37.848-.827.848h-7.81C1.015 30 0 28.96 0 27.681V2.32C0 1.04 1.015 0 2.262 0h19.476zm2.844 16.004l.227.007c.823.053 1.589.39 2.176.964.64.627.993 1.46.993 2.349 0 .888-.353 1.722-.993 2.348l-6.83 6.665c-.11.108-.247.186-.397.226l-5.032 1.363c-.078.021-.16.032-.241.032-.242 0-.478-.097-.647-.266-.23-.231-.314-.566-.218-.874l1.49-4.798c.044-.139.122-.266.227-.369l6.844-6.677c.64-.625 1.493-.97 2.401-.97zm-2.886 3.94l-4.922 4.802-.947 3.048 3.22-.872 4.897-4.78-2.248-2.197zm2.887-2.174c-.425 0-.824.162-1.124.455l-.484.472 2.248 2.197.484-.472c.62-.606.62-1.591 0-2.197l-.117-.104c-.283-.227-.636-.35-1.007-.35zm-10.839.022c.498 0 .904.396.904.883 0 .488-.406.884-.904.884H5.946c-.499 0-.904-.396-.904-.884 0-.487.405-.883.904-.883zm5.042-4.876c.498 0 .904.397.904.884s-.406.884-.904.884H5.946c-.499 0-.904-.397-.904-.884s.405-.884.904-.884zm0-4.875c.498 0 .904.396.904.884 0 .487-.406.883-.904.883H5.946c-.499 0-.904-.396-.904-.883 0-.488.405-.884.904-.884z" fill="#EB0203" fill-rule="evenodd"></path></svg>
                        </span>
                        <div class="available-note d-none"></div>
                        </a>
                        </div>
                        </div>
                        </template>
                        <div class="measurement-unit-section" v-if="isPriceAvailable &amp;&amp; prodUnits ? prodUnits.hasAlternativeUnit : false">
                        <div class="ct-form-radio" @click="setDimension">
                        <input type="radio" title="" class="ct-form-check-input product-measurement-unit" :data-type="prodUnits.selectedUnit == prodUnits.secondaryUnit ? 'primary' : ''" :id="prodUnits.secondaryUnit + '-' + pid + '-measurement-unit-ptile' + additionalTag" :name="'measurement-unit-' + pid + '-ptile' + additionalTag" :value="prodUnits.secondaryUnit" v-model="prodUnits.selectedUnit">
                        <label :class="prodUnits.secondaryUnit + '-label ct-form-check-label mb-0'" :for="prodUnits.secondaryUnit + '-' + pid + '-measurement-unit-ptile' + additionalTag">
                        {{prodUnits.secondaryUnit}}
                        </label>
                        <span class="checkmark"></span>
                        </div>
                        <div class="ct-form-radio" @click="setDimension">
                        <input type="radio" title="" class="ct-form-check-input product-measurement-unit" :data-type="prodUnits.selectedUnit == prodUnits.primaryUnit ? 'primary' : ''" :id="prodUnits.primaryUnit + '-' + pid + '-measurement-unit-ptile' + additionalTag" :name="'measurement-unit-' + pid + '-ptile' + additionalTag" :value="prodUnits.primaryUnit" v-model="prodUnits.selectedUnit">
                        <label :class="prodUnits.primaryUnit + '-label ct-form-check-label mb-0'" :for="prodUnits.primaryUnit + '-' + pid + '-measurement-unit-ptile' + additionalTag">
                        {{prodUnits.primaryUnit}}
                        </label>
                        <span class="checkmark"></span>
                        </div>
                        </div>
                        <template v-if="!isPDP &amp;&amp; isPriceAvailable">
                        <span class="quantity-error ct-span-error product-max-allocation" v-if="isMaxQtyReached">
                        Quantidade máxima atingida
                        </span>
                        <span class="quantity-error ct-span-product product-allocation" v-if="!isMinQtyReached &amp;&amp; !isMaxQtyReached">
                        {{quantitySelected}} no carrinho
                        </span>
                        <span class="quantity-error ct-span-error product-min-allocation" :data-pid="pid" v-if="isMinQtyReached &amp;&amp; !isMaxQtyReached">
                        Quantidade mínima atingida
                        </span>
                        </template>
                        </template>
                        </div>
                        <input class="quantity-value-mask d-none" name="quantity" type="number" min="0" value="">
                        </div>
                        <button type="button" class="add-to-cart button js-add-to-cart js-add-to-cart-tile 7405694 button--primary dynamic-layout-btn" data-toggle="modal" data-target="#chooseBonusProductModal" data-pid="7405694" data-quantity-value="null" aria-label="Carrinho">
                        <span class="d-block d-sm-none">
                        <span class="svg-wrapper svg-icon-cart" style="width:20px; height:20px">
                        <svg class="svg-inline icon-cart" xmlns="http://www.w3.org/2000/svg" viewBox="0 0 500 500" width="100%" height="100%"><path fill="#EB0203" fill-rule="evenodd" d="M 485.67317,94.386311 C 476.37798,83.847129 463.09468,78.03348 448.30404,78.03348 H 90.690813 L 87.079511,51.327997 C 83.185582,22.539551 62.962285,0 41.011841,0 H 14.727836 C 6.563151,0 0,6.5286975 0,14.580758 c 0,8.05206 6.5945535,14.580758 14.727836,14.580758 h 26.284005 c 4.710398,0 14.696435,9.855222 16.894619,26.021523 L 100.01739,368.0631 c 1.88416,13.77244 9.01256,26.70549 20.1605,36.37417 8.25889,7.15046 18.02511,11.9071 28.26237,13.89679 -4.17655,7.58572 -6.53175,16.25957 -6.53175,25.493 0,29.53459 24.27424,53.59751 54.13815,53.59751 29.8325,0 54.13814,-24.03184 54.13814,-53.59751 0,-8.79818 -2.19818,-17.09897 -5.9979,-24.43598 h 77.12488 c -3.79973,7.33701 -5.96652,15.6378 -5.96652,24.43598 0,29.53459 24.27424,53.59751 54.13817,53.59751 29.83249,0 54.13814,-24.03184 54.13814,-53.59751 0,-8.79818 -2.1982,-17.09897 -5.9979,-24.43598 h 38.56243 c 8.13328,0 14.72783,-6.5287 14.72783,-14.61183 0,-8.02098 -6.59455,-14.54967 -14.72783,-14.54967 H 159.24277 c -14.38241,0 -28.13677,-11.90711 -30.02092,-26.02153 l -3.07746,-22.88154 h 290.6314 c 14.03698,0 27.94834,-5.28513 39.06488,-14.95381 11.11652,-9.6376 18.27632,-22.57065 20.16048,-36.37417 l 21.10259,-156.78201 c 1.94694,-14.51858 -2.10398,-28.29103 -11.43057,-38.861299 z M 220.76053,443.82706 c 0,13.49265 -11.08513,24.46709 -24.68247,24.46709 -13.62874,0 -24.71387,-10.97444 -24.71387,-24.46709 0,-13.49262 11.08513,-24.43598 24.71387,-24.43598 13.59734,0 24.68247,10.94336 24.68247,24.43598 z m 173.43675,0 c 0,13.49265 -11.08512,24.46709 -24.68245,24.46709 -13.62876,0 -24.71388,-10.97444 -24.71388,-24.46709 0,-13.49262 11.08512,-24.43598 24.71388,-24.43598 13.59733,0 24.68245,10.94336 24.68245,24.43598 z m 73.7648,-314.46558 -21.13397,156.782 c -1.88416,14.11442 -15.63851,26.05261 -30.02091,26.05261 H 122.25046 L 94.616142,107.19499 H 448.33544 c 6.18632,0 11.61896,2.2695 15.23028,6.37326 3.64269,4.13484 5.21283,9.73086 4.39636,15.79323 z"></path></svg>
                        </span>
                        </span>
                        <span class="add-to-cart--text d-none d-sm-block">Carrinho</span>
                        </button>
                        </div>
                        </div>
                        </div>
                        </div>
                        
                        <div class="col-12 d-sm-none">
                        </div>
                        </div>
                        </div>
                        </div>
                        </div>
                        <div class="col-12 col-sm-3 col-lg-2 productTile" data-idx="25">
                        
                        <script type="text/javascript">//<!--
                        /* <![CDATA[ */
                        (function(){
                        try {
                            if(window.CQuotient) {
                            var cq_params = {};
                            
                            cq_params.cookieId = window.CQuotient.getCQCookieId();
                            cq_params.userId = window.CQuotient.getCQUserId();
                            cq_params.emailId = CQuotient.getCQHashedEmail();
                            cq_params.loginId = CQuotient.getCQHashedLogin();
                            cq_params.accumulate = true;
                            cq_params.products = [{
                                id: '7067924',
                                sku: ''
                            }];
                            cq_params.categoryId = 'mercearias';
                            cq_params.refinements = '[{\"name\":\"priceMin\",\"value\":\"0.01\"},{\"name\":\"priceMax\",\"value\":\"null\"},{\"name\":\"curr\",\"value\":\"EUR\"},{\"name\":\"Category\",\"value\":\"mercearias\"}]';
                            cq_params.personalized = 'false';
                            cq_params.sortingRule = 'FOOD_Mercearia';
                            cq_params.imageUUID = '__UNDEFINED__';
                            cq_params.realm = "BDVS";
                            cq_params.siteId = "continente";
                            cq_params.instanceType = "prd";
                            cq_params.queryLocale = "default";
                            cq_params.locale = window.CQuotient.locale;
                            
                            if(window.CQuotient.sendActivity)
                                window.CQuotient.sendActivity(CQuotient.clientId, 'viewCategory', cq_params);
                            else
                                window.CQuotient.activities.push({
                                    activityType: 'viewCategory',
                                    parameters: cq_params
                                });
                          }
                        } catch(err) {}
                        })();
                        /* ]]> */
                        // -->
                        </script>
                        <script type="text/javascript">//<!--
                        /* <![CDATA[ (viewCategoryProduct-active_data.js) */
                        (function(){
                        try {
                            if (dw.ac) {
                                var search_params = {};
                                search_params.persd = 'false';
                                search_params.refs = '[{\"name\":\"priceMin\",\"value\":\"0.01\"},{\"name\":\"priceMax\",\"value\":\"null\"},{\"name\":\"curr\",\"value\":\"EUR\"},{\"name\":\"Category\",\"value\":\"mercearias\"}]';
                                search_params.sort = 'FOOD_Mercearia';
                                search_params.imageUUID = '';
                                search_params.searchID = 'afeeff71-841d-471a-a4b6-1885a5ac2689';
                                search_params.locale = 'default';
                                search_params.queryLocale = 'default';
                                search_params.showProducts = 'true';
                                dw.ac.applyContext({category: "mercearias", searchData: search_params});
                                if (typeof dw.ac._scheduleDataSubmission === "function") {
                                    dw.ac._scheduleDataSubmission();
                                }
                            }
                        } catch(err) {}
                        })();
                        /* ]]> */
                        // -->
                        </script>
                        <script type="text/javascript">//<!--
                        /* <![CDATA[ (viewProduct-active_data.js) */
                        dw.ac._capture({id: "7067924", type: "searchhit"});
                        /* ]]> */
                        // -->
                        </script>
                        <div class="product" data-pid="7067924">
                        
                        <div class="product-tile pid-7067924 ct-product-tile data-layer-pushed" data-delay-time="3000" data-variants-mapping="[]" data-in-cart-msg="no carrinho" data-one-product-added="Adicionado ao carrinho" data-remove-from-cart-msg="Removido do carrinho" data-stay-open="6000.0" data-product-tile-impression="{&quot;name&quot;:&quot;7067924&quot;,&quot;id&quot;:&quot;7067924&quot;,&quot;price&quot;:3.24,&quot;brand&quot;:&quot;Buondi&quot;,&quot;category&quot;:[{&quot;category_level_1&quot;:&quot;Mercearia&quot;},{&quot;category_level_2&quot;:&quot;Café, Chá e Chocolate Solúvel&quot;},{&quot;category_level_3&quot;:&quot;Café em Cápsulas&quot;}],&quot;variant&quot;:&quot;&quot;}">
                        <div class="ct-inner-tile-wrap row no-gutters justify-content-center align-content-start">
                        <div class="ct-product-tile-badge ct-product-tile-badge--promotional">
                        <img class="img-fluid lazyloaded" loading="lazy" data-src="https://www.continente.pt/dw/image/v2/BDVS_PRD/on/demandware.static/-/Sites-continente-Library/default/dwf5980f2e/images/badges/pvpr/col/pvpr.png?sw=60&amp;sh=42" alt="PVP Recomendado: €4,09/un" title="PVP Recomendado: €4,09/un" src="https://www.continente.pt/dw/image/v2/BDVS_PRD/on/demandware.static/-/Sites-continente-Library/default/dwf5980f2e/images/badges/pvpr/col/pvpr.png?sw=60&amp;sh=42">
                        <div class="ct-product-tile-badge-value-wrapper ct-product-tile-badge-value-wrapper--pvpr  ">
                        <span class="ct-product-tile-badge-value--pvpr">
                        20
                        </span>
                        <span class="ct-product-tile-badge-value--pvpr-quantifier ">
                        %
                        </span>
                        </div>
                        </div>
                        
                        <div class="ct-image-container col-4 col-sm" data-confirmation-image="{&quot;url&quot;:&quot;https://www.continente.pt/dw/image/v2/BDVS_PRD/on/demandware.static/-/Sites-col-master-catalog/default/dw43ce52b4/images/col/706/7067924-direito.jpg?sw=87&amp;sh=80&quot;,&quot;fallbackimage&quot;:{&quot;url&quot;:&quot;https://www.continente.pt/dw/image/v2/BDVS_PRD/on/demandware.static/Sites-continente-Site/-/default/dw7c42b4da/images/noimagelarge_product.png?sw=87&amp;sh=80&quot;,&quot;title&quot;:&quot;Cápsulas de Café Original Int 8&quot;,&quot;alt&quot;:&quot;Cápsulas de Café Original Int 8&quot;},&quot;title&quot;:&quot;Cápsulas de Café Original Int 8&quot;,&quot;alt&quot;:&quot;Cápsulas de Café Original Int 8&quot;}">
                        <a href="https://www.continente.pt/produto/capsulas-de-cafe-original-int-8-buondi-7067924.html?cgid=mercearias">
                        <picture class="intrinsic intrinsic--square">
                        <img class="ct-tile-image lazyloaded" loading="lazy" onerror="this.onerror=null;this.src='/on/demandware.static/Sites-continente-Site/-/default/dw7c42b4da/images/noimagelarge_product.png';" data-src="https://www.continente.pt/dw/image/v2/BDVS_PRD/on/demandware.static/-/Sites-col-master-catalog/default/dw43ce52b4/images/col/706/7067924-direito.jpg?sw=280&amp;sh=280" alt="Cápsulas de Café Original Int 8" title="Cápsulas de Café Original Int 8" src="https://www.continente.pt/dw/image/v2/BDVS_PRD/on/demandware.static/-/Sites-col-master-catalog/default/dw43ce52b4/images/col/706/7067924-direito.jpg?sw=280&amp;sh=280">
                        </picture>
                        </a>
                        <div class="color-swatches d-flex" style="margin-left: 5px;">
                        <div class="swatches d-flex">
                        
                        </div>
                        </div>
                        </div>
                        <div class="ct-tile-body col col-sm-auto ">
                        <div class="ct-pdp-details">
                        <div class="ct-pdp-link">
                        <a class="ct-tile--description" href="https://www.continente.pt/produto/capsulas-de-cafe-original-int-8-buondi-7067924.html?cgid=mercearias">Cápsulas de Café Original Int 8</a>
                        <div class="ct-tile--favorite-top d-sm-none">
                        <button class="wishlist-toggler guest-mode inactive button button--tertiary" data-pid="7067924" data-add-url="https://www.continente.pt/on/demandware.store/Sites-continente-Site/default/Wishlist-AddProduct?pid=7067924" data-toggle="tooltip" aria-label="Adicionar aos favoritos " data-original-title="Adicionar aos favoritos" data-placement="top">
                        <svg class="active-content" width="100%" height="100%" viewBox="0 0 20 22" fill="none" xmlns="http://www.w3.org/2000/svg">
                        <path fill-rule="evenodd" clip-rule="evenodd" d="M0 1.53052C0 0.685236 0.692171 0 1.54601 0H15.0736C15.9274 0 16.6196 0.685235 16.6196 1.53052V13.4064L15.8127 13.922L14.2658 14.2658L12.7189 13.4064L10.6054 14.3818C10.4994 14.2451 10.3327 14.157 10.1452 14.157H6.76329C6.4431 14.157 6.18354 14.414 6.18354 14.731C6.18354 15.0479 6.4431 15.3049 6.76329 15.3049H10.1452C10.2478 15.3049 10.3441 15.2785 10.4277 15.2322L10.3126 16.8439L13.2345 20.2793H1.54601C0.69217 20.2793 0 19.5941 0 18.7488V1.53052ZM6.18354 5.5483C6.18354 5.23132 6.4431 4.97436 6.76329 4.97436H12.3676C12.6878 4.97436 12.9473 5.23132 12.9473 5.5483C12.9473 5.86528 12.6878 6.12224 12.3676 6.12224H6.76329C6.4431 6.12224 6.18354 5.86528 6.18354 5.5483ZM6.76329 11.0961C6.4431 11.0961 6.18354 11.3531 6.18354 11.6701C6.18354 11.987 6.4431 12.244 6.76329 12.244H12.3676C12.6878 12.244 12.9473 11.987 12.9473 11.6701C12.9473 11.3531 12.6878 11.0961 12.3676 11.0961H6.76329ZM6.18354 8.60985C6.18354 8.29287 6.4431 8.03591 6.76329 8.03591H12.3676C12.6878 8.03591 12.9473 8.29287 12.9473 8.60985C12.9473 8.92684 12.6878 9.1838 12.3676 9.1838H6.76329C6.4431 9.1838 6.18354 8.92684 6.18354 8.60985ZM3.67118 5.5483C3.67118 5.23132 3.93075 4.97436 4.25093 4.97436H4.63743C4.95762 4.97436 5.21719 5.23132 5.21719 5.5483C5.21719 5.86528 4.95762 6.12224 4.63743 6.12224H4.25093C3.93075 6.12224 3.67118 5.86528 3.67118 5.5483ZM4.25093 11.0961C3.93075 11.0961 3.67118 11.3531 3.67118 11.6701C3.67118 11.987 3.93075 12.244 4.25093 12.244H4.63743C4.95762 12.244 5.21719 11.987 5.21719 11.6701C5.21719 11.3531 4.95762 11.0961 4.63743 11.0961H4.25093ZM3.67118 8.60985C3.67118 8.29287 3.93075 8.03591 4.25093 8.03591H4.63743C4.95762 8.03591 5.21719 8.29287 5.21719 8.60985C5.21719 8.92684 4.95762 9.1838 4.63743 9.1838H4.25093C3.93075 9.1838 3.67118 8.92684 3.67118 8.60985ZM4.25093 14.157C3.93075 14.157 3.67118 14.414 3.67118 14.731C3.67118 15.0479 3.93075 15.3049 4.25093 15.3049H4.63743C4.95762 15.3049 5.21719 15.0479 5.21719 14.731C5.21719 14.414 4.95762 14.157 4.63743 14.157H4.25093Z" fill="#EB0203"></path>
                        <path fill-rule="evenodd" clip-rule="evenodd" d="M14.6252 13.6363C13.4918 12.6215 11.7817 12.5264 10.6569 13.4792C9.12421 14.7764 9.34841 16.8912 10.4409 18.0122L14.0159 21.6742C14.2197 21.8832 14.4928 22 14.7822 22C15.0737 22 15.3448 21.8852 15.5486 21.6762L19.1236 18.0142C20.214 16.8933 20.4423 14.7785 18.9075 13.4792C17.7827 12.5283 16.0724 12.6217 14.9391 13.6365C14.8855 13.6845 14.8331 13.7345 14.7822 13.7866C14.7313 13.7345 14.6789 13.6843 14.6252 13.6363ZM18.1546 14.3522C19.0973 15.1508 18.9962 16.4896 18.2891 17.2173C18.2888 17.2175 18.2886 17.2177 18.2884 17.218L14.7832 20.8084L11.2753 17.2151C11.2752 17.215 11.2751 17.2149 11.2749 17.2148C10.5677 16.4887 10.4678 15.1495 11.4104 14.3518L11.4108 14.3514C12.0745 13.7892 13.2018 13.82 13.9488 14.5846L14.7822 15.4378L15.6157 14.5846C16.3617 13.8211 17.4896 13.79 18.1545 14.3521" fill="#EB0203"></path>
                        </svg>
                        <svg class="inactive-content" width="100%" height="100%" viewBox="0 0 20 23" fill="none" xmlns="http://www.w3.org/2000/svg">
                        <path fill-rule="evenodd" clip-rule="evenodd" d="M6.18408 5.77914C6.18408 5.46223 6.44363 5.20532 6.7638 5.20532H12.3678C12.6879 5.20532 12.9475 5.46223 12.9475 5.77914C12.9475 6.09606 12.6879 6.35297 12.3678 6.35297H6.7638C6.44363 6.35297 6.18408 6.09606 6.18408 5.77914Z" fill="#EB0203"></path>
                        <path fill-rule="evenodd" clip-rule="evenodd" d="M6.18408 11.9034C6.18408 11.5865 6.44363 11.3296 6.7638 11.3296H12.3678C12.6879 11.3296 12.9475 11.5865 12.9475 11.9034C12.9475 12.2202 12.6879 12.4771 12.3678 12.4771H6.7638C6.44363 12.4771 6.18408 12.2202 6.18408 11.9034Z" fill="#EB0203"></path>
                        <path fill-rule="evenodd" clip-rule="evenodd" d="M6.18408 8.84116C6.18408 8.52424 6.44363 8.26733 6.7638 8.26733H12.3678C12.6879 8.26733 12.9475 8.52424 12.9475 8.84116C12.9475 9.15807 12.6879 9.41498 12.3678 9.41498H6.7638C6.44363 9.41498 6.18408 9.15807 6.18408 8.84116Z" fill="#EB0203"></path>
                        <path fill-rule="evenodd" clip-rule="evenodd" d="M6.18408 14.9655C6.18408 14.6486 6.44363 14.3917 6.7638 14.3917H10.1455C10.4657 14.3917 10.7252 14.6486 10.7252 14.9655C10.7252 15.2825 10.4657 15.5394 10.1455 15.5394H6.7638C6.44363 15.5394 6.18408 15.2825 6.18408 14.9655Z" fill="#EB0203"></path>
                        <path fill-rule="evenodd" clip-rule="evenodd" d="M3.67139 5.77914C3.67139 5.46223 3.93094 5.20532 4.25111 5.20532H4.63759C4.95776 5.20532 5.21731 5.46223 5.21731 5.77914C5.21731 6.09606 4.95776 6.35297 4.63759 6.35297H4.25111C3.93094 6.35297 3.67139 6.09606 3.67139 5.77914Z" fill="#EB0203"></path>
                        <path fill-rule="evenodd" clip-rule="evenodd" d="M3.67139 11.9034C3.67139 11.5865 3.93094 11.3296 4.25111 11.3296H4.63759C4.95776 11.3296 5.21731 11.5865 5.21731 11.9034C5.21731 12.2202 4.95776 12.4771 4.63759 12.4771H4.25111C3.93094 12.4771 3.67139 12.2202 3.67139 11.9034Z" fill="#EB0203"></path>
                        <path fill-rule="evenodd" clip-rule="evenodd" d="M3.67139 8.84116C3.67139 8.52424 3.93094 8.26733 4.25111 8.26733H4.63759C4.95776 8.26733 5.21731 8.52424 5.21731 8.84116C5.21731 9.15807 4.95776 9.41498 4.63759 9.41498H4.25111C3.93094 9.41498 3.67139 9.15807 3.67139 8.84116Z" fill="#EB0203"></path>
                        <path fill-rule="evenodd" clip-rule="evenodd" d="M3.67139 14.9655C3.67139 14.6486 3.93094 14.3917 4.25111 14.3917H4.63759C4.95776 14.3917 5.21731 14.6486 5.21731 14.9655C5.21731 15.2825 4.95776 15.5394 4.63759 15.5394H4.25111C3.93094 15.5394 3.67139 15.2825 3.67139 14.9655Z" fill="#EB0203"></path>
                        <path fill-rule="evenodd" clip-rule="evenodd" d="M0 1.76033C0 0.914738 0.692131 0.229248 1.54592 0.229248H15.0727C15.9265 0.229248 16.6186 0.914738 16.6186 1.76033V11.2818C16.6186 11.5989 16.3591 11.8559 16.0389 11.8559C15.7187 11.8559 15.4592 11.5989 15.4592 11.2818V1.76033C15.4592 1.54893 15.2862 1.37756 15.0727 1.37756H1.54592C1.33247 1.37756 1.15944 1.54893 1.15944 1.76033V18.985C1.15944 19.1964 1.33247 19.3678 1.54592 19.3678H9.27551C9.59568 19.3678 9.85523 19.6249 9.85523 19.942C9.85523 20.2591 9.59568 20.5161 9.27551 20.5161H1.54592C0.692131 20.5161 0 19.8306 0 18.985V1.76033Z" fill="#EB0203"></path>
                        <path fill-rule="evenodd" clip-rule="evenodd" d="M14.6254 13.8718C13.4921 12.8567 11.7821 12.7615 10.6574 13.7147C9.12472 15.0124 9.34891 17.128 10.4413 18.2493L14.0161 21.9126C14.2199 22.1217 14.493 22.2386 14.7824 22.2386C15.0739 22.2386 15.3449 22.1238 15.5487 21.9147L19.1235 18.2514C20.2139 17.13 20.4422 15.0144 18.9075 13.7147C17.7827 12.7634 16.0726 12.8569 14.9392 13.872C14.8856 13.92 14.8333 13.9701 14.7824 14.0222C14.7314 13.97 14.6791 13.9199 14.6254 13.8718ZM18.1546 14.588C19.0972 15.3869 18.9961 16.7262 18.2891 17.4541C18.2888 17.4543 18.2886 17.4546 18.2884 17.4548L14.7834 21.0466L11.2757 17.452C11.2756 17.4519 11.2755 17.4517 11.2753 17.4516C10.5681 16.7252 10.4682 15.3856 11.4108 14.5876L11.4112 14.5872C12.0748 14.0248 13.202 14.0556 13.949 14.8205L14.7824 15.674L15.6158 14.8205C16.3618 14.0567 17.4896 14.0256 18.1545 14.5879" fill="#EB0203"></path>
                        </svg>
                        </button>
                        </div>
                        </div>
                        <p class="ct-tile--brand">Buondi</p>
                        <p class="ct-tile--quantity">emb. 10 un</p>
                         </div>
                        <div class="ct-tile-bottom row no-gutters justify-content-between">
                        <div class="ct-price-wrap col-8 col-sm-12">
                        <div class="price js-product-price">
                        <div class="prices-wrapper">
                        <span class="sales ct-tile--price-primary ">
                        <span class="value" content="3.24">
                        <span class="ct-price-formatted">
                        €3,24
                        </span>
                        <span class="ct-m-unit">
                        /un
                        </span>
                        </span>
                        </span>
                        </div>
                        <div class="ct-tile--price-secondary">
                        <span class="ct-price-value">
                        €0,32
                        </span>
                        <span class="ct-m-unit">
                        /un
                        </span>
                        </div>
                        <p class="ct-discount-amount ct-discount-amount-pvpr">PVP Recomendado: €4,09/un</p>
                        </div>
                        </div>
                        <div class="ct-tile-buy-section d-flex justify-content-center no-gutters col-auto col-sm-12">
                        <div class="col-2 d-sm-flex d-none">
                        <button class="wishlist-toggler guest-mode inactive button button--tertiary" data-pid="7067924" data-add-url="https://www.continente.pt/on/demandware.store/Sites-continente-Site/default/Wishlist-AddProduct?pid=7067924" data-toggle="tooltip" aria-label="Adicionar aos favoritos " data-original-title="Adicionar aos favoritos" data-placement="top">
                        <svg class="active-content" width="100%" height="100%" viewBox="0 0 20 22" fill="none" xmlns="http://www.w3.org/2000/svg">
                        <path fill-rule="evenodd" clip-rule="evenodd" d="M0 1.53052C0 0.685236 0.692171 0 1.54601 0H15.0736C15.9274 0 16.6196 0.685235 16.6196 1.53052V13.4064L15.8127 13.922L14.2658 14.2658L12.7189 13.4064L10.6054 14.3818C10.4994 14.2451 10.3327 14.157 10.1452 14.157H6.76329C6.4431 14.157 6.18354 14.414 6.18354 14.731C6.18354 15.0479 6.4431 15.3049 6.76329 15.3049H10.1452C10.2478 15.3049 10.3441 15.2785 10.4277 15.2322L10.3126 16.8439L13.2345 20.2793H1.54601C0.69217 20.2793 0 19.5941 0 18.7488V1.53052ZM6.18354 5.5483C6.18354 5.23132 6.4431 4.97436 6.76329 4.97436H12.3676C12.6878 4.97436 12.9473 5.23132 12.9473 5.5483C12.9473 5.86528 12.6878 6.12224 12.3676 6.12224H6.76329C6.4431 6.12224 6.18354 5.86528 6.18354 5.5483ZM6.76329 11.0961C6.4431 11.0961 6.18354 11.3531 6.18354 11.6701C6.18354 11.987 6.4431 12.244 6.76329 12.244H12.3676C12.6878 12.244 12.9473 11.987 12.9473 11.6701C12.9473 11.3531 12.6878 11.0961 12.3676 11.0961H6.76329ZM6.18354 8.60985C6.18354 8.29287 6.4431 8.03591 6.76329 8.03591H12.3676C12.6878 8.03591 12.9473 8.29287 12.9473 8.60985C12.9473 8.92684 12.6878 9.1838 12.3676 9.1838H6.76329C6.4431 9.1838 6.18354 8.92684 6.18354 8.60985ZM3.67118 5.5483C3.67118 5.23132 3.93075 4.97436 4.25093 4.97436H4.63743C4.95762 4.97436 5.21719 5.23132 5.21719 5.5483C5.21719 5.86528 4.95762 6.12224 4.63743 6.12224H4.25093C3.93075 6.12224 3.67118 5.86528 3.67118 5.5483ZM4.25093 11.0961C3.93075 11.0961 3.67118 11.3531 3.67118 11.6701C3.67118 11.987 3.93075 12.244 4.25093 12.244H4.63743C4.95762 12.244 5.21719 11.987 5.21719 11.6701C5.21719 11.3531 4.95762 11.0961 4.63743 11.0961H4.25093ZM3.67118 8.60985C3.67118 8.29287 3.93075 8.03591 4.25093 8.03591H4.63743C4.95762 8.03591 5.21719 8.29287 5.21719 8.60985C5.21719 8.92684 4.95762 9.1838 4.63743 9.1838H4.25093C3.93075 9.1838 3.67118 8.92684 3.67118 8.60985ZM4.25093 14.157C3.93075 14.157 3.67118 14.414 3.67118 14.731C3.67118 15.0479 3.93075 15.3049 4.25093 15.3049H4.63743C4.95762 15.3049 5.21719 15.0479 5.21719 14.731C5.21719 14.414 4.95762 14.157 4.63743 14.157H4.25093Z" fill="#EB0203"></path>
                        <path fill-rule="evenodd" clip-rule="evenodd" d="M14.6252 13.6363C13.4918 12.6215 11.7817 12.5264 10.6569 13.4792C9.12421 14.7764 9.34841 16.8912 10.4409 18.0122L14.0159 21.6742C14.2197 21.8832 14.4928 22 14.7822 22C15.0737 22 15.3448 21.8852 15.5486 21.6762L19.1236 18.0142C20.214 16.8933 20.4423 14.7785 18.9075 13.4792C17.7827 12.5283 16.0724 12.6217 14.9391 13.6365C14.8855 13.6845 14.8331 13.7345 14.7822 13.7866C14.7313 13.7345 14.6789 13.6843 14.6252 13.6363ZM18.1546 14.3522C19.0973 15.1508 18.9962 16.4896 18.2891 17.2173C18.2888 17.2175 18.2886 17.2177 18.2884 17.218L14.7832 20.8084L11.2753 17.2151C11.2752 17.215 11.2751 17.2149 11.2749 17.2148C10.5677 16.4887 10.4678 15.1495 11.4104 14.3518L11.4108 14.3514C12.0745 13.7892 13.2018 13.82 13.9488 14.5846L14.7822 15.4378L15.6157 14.5846C16.3617 13.8211 17.4896 13.79 18.1545 14.3521" fill="#EB0203"></path>
                        </svg>
                        <svg class="inactive-content" width="100%" height="100%" viewBox="0 0 20 23" fill="none" xmlns="http://www.w3.org/2000/svg">
                        <path fill-rule="evenodd" clip-rule="evenodd" d="M6.18408 5.77914C6.18408 5.46223 6.44363 5.20532 6.7638 5.20532H12.3678C12.6879 5.20532 12.9475 5.46223 12.9475 5.77914C12.9475 6.09606 12.6879 6.35297 12.3678 6.35297H6.7638C6.44363 6.35297 6.18408 6.09606 6.18408 5.77914Z" fill="#EB0203"></path>
                        <path fill-rule="evenodd" clip-rule="evenodd" d="M6.18408 11.9034C6.18408 11.5865 6.44363 11.3296 6.7638 11.3296H12.3678C12.6879 11.3296 12.9475 11.5865 12.9475 11.9034C12.9475 12.2202 12.6879 12.4771 12.3678 12.4771H6.7638C6.44363 12.4771 6.18408 12.2202 6.18408 11.9034Z" fill="#EB0203"></path>
                        <path fill-rule="evenodd" clip-rule="evenodd" d="M6.18408 8.84116C6.18408 8.52424 6.44363 8.26733 6.7638 8.26733H12.3678C12.6879 8.26733 12.9475 8.52424 12.9475 8.84116C12.9475 9.15807 12.6879 9.41498 12.3678 9.41498H6.7638C6.44363 9.41498 6.18408 9.15807 6.18408 8.84116Z" fill="#EB0203"></path>
                        <path fill-rule="evenodd" clip-rule="evenodd" d="M6.18408 14.9655C6.18408 14.6486 6.44363 14.3917 6.7638 14.3917H10.1455C10.4657 14.3917 10.7252 14.6486 10.7252 14.9655C10.7252 15.2825 10.4657 15.5394 10.1455 15.5394H6.7638C6.44363 15.5394 6.18408 15.2825 6.18408 14.9655Z" fill="#EB0203"></path>
                        <path fill-rule="evenodd" clip-rule="evenodd" d="M3.67139 5.77914C3.67139 5.46223 3.93094 5.20532 4.25111 5.20532H4.63759C4.95776 5.20532 5.21731 5.46223 5.21731 5.77914C5.21731 6.09606 4.95776 6.35297 4.63759 6.35297H4.25111C3.93094 6.35297 3.67139 6.09606 3.67139 5.77914Z" fill="#EB0203"></path>
                        <path fill-rule="evenodd" clip-rule="evenodd" d="M3.67139 11.9034C3.67139 11.5865 3.93094 11.3296 4.25111 11.3296H4.63759C4.95776 11.3296 5.21731 11.5865 5.21731 11.9034C5.21731 12.2202 4.95776 12.4771 4.63759 12.4771H4.25111C3.93094 12.4771 3.67139 12.2202 3.67139 11.9034Z" fill="#EB0203"></path>
                        <path fill-rule="evenodd" clip-rule="evenodd" d="M3.67139 8.84116C3.67139 8.52424 3.93094 8.26733 4.25111 8.26733H4.63759C4.95776 8.26733 5.21731 8.52424 5.21731 8.84116C5.21731 9.15807 4.95776 9.41498 4.63759 9.41498H4.25111C3.93094 9.41498 3.67139 9.15807 3.67139 8.84116Z" fill="#EB0203"></path>
                        <path fill-rule="evenodd" clip-rule="evenodd" d="M3.67139 14.9655C3.67139 14.6486 3.93094 14.3917 4.25111 14.3917H4.63759C4.95776 14.3917 5.21731 14.6486 5.21731 14.9655C5.21731 15.2825 4.95776 15.5394 4.63759 15.5394H4.25111C3.93094 15.5394 3.67139 15.2825 3.67139 14.9655Z" fill="#EB0203"></path>
                        <path fill-rule="evenodd" clip-rule="evenodd" d="M0 1.76033C0 0.914738 0.692131 0.229248 1.54592 0.229248H15.0727C15.9265 0.229248 16.6186 0.914738 16.6186 1.76033V11.2818C16.6186 11.5989 16.3591 11.8559 16.0389 11.8559C15.7187 11.8559 15.4592 11.5989 15.4592 11.2818V1.76033C15.4592 1.54893 15.2862 1.37756 15.0727 1.37756H1.54592C1.33247 1.37756 1.15944 1.54893 1.15944 1.76033V18.985C1.15944 19.1964 1.33247 19.3678 1.54592 19.3678H9.27551C9.59568 19.3678 9.85523 19.6249 9.85523 19.942C9.85523 20.2591 9.59568 20.5161 9.27551 20.5161H1.54592C0.692131 20.5161 0 19.8306 0 18.985V1.76033Z" fill="#EB0203"></path>
                        <path fill-rule="evenodd" clip-rule="evenodd" d="M14.6254 13.8718C13.4921 12.8567 11.7821 12.7615 10.6574 13.7147C9.12472 15.0124 9.34891 17.128 10.4413 18.2493L14.0161 21.9126C14.2199 22.1217 14.493 22.2386 14.7824 22.2386C15.0739 22.2386 15.3449 22.1238 15.5487 21.9147L19.1235 18.2514C20.2139 17.13 20.4422 15.0144 18.9075 13.7147C17.7827 12.7634 16.0726 12.8569 14.9392 13.872C14.8856 13.92 14.8333 13.9701 14.7824 14.0222C14.7314 13.97 14.6791 13.9199 14.6254 13.8718ZM18.1546 14.588C19.0972 15.3869 18.9961 16.7262 18.2891 17.4541C18.2888 17.4543 18.2886 17.4546 18.2884 17.4548L14.7834 21.0466L11.2757 17.452C11.2756 17.4519 11.2755 17.4517 11.2753 17.4516C10.5681 16.7252 10.4682 15.3856 11.4108 14.5876L11.4112 14.5872C12.0748 14.0248 13.202 14.0556 13.949 14.8205L14.7824 15.674L15.6158 14.8205C16.3618 14.0567 17.4896 14.0256 18.1545 14.5879" fill="#EB0203"></path>
                        </svg>
                        </button>
                        </div>
                        <div class="col-sm-10 col-12">
                        <div class="ct-tile-quantity d-none" data-pid="7067924">
                        <input type="hidden" class="add-to-cart-url" value="https://www.continente.pt/on/demandware.store/Sites-continente-Site/default/Cart-AddProduct">
                        <div class="d-none tile-delete-confirmation-btn" data-pid="7067924" data-delay-time="3000" data-in-cart-msg="no carrinho" data-one-product-added="Adicionado ao carrinho" data-remove-from-cart-msg="Removido do carrinho" data-stay-open="6000.0" data-confirmation-image="{&quot;url&quot;:&quot;https://www.continente.pt/dw/image/v2/BDVS_PRD/on/demandware.static/-/Sites-col-master-catalog/default/dw43ce52b4/images/col/706/7067924-direito.jpg?sw=87&amp;sh=80&quot;,&quot;fallbackimage&quot;:{&quot;url&quot;:&quot;https://www.continente.pt/dw/image/v2/BDVS_PRD/on/demandware.static/Sites-continente-Site/-/default/dw7c42b4da/images/noimagelarge_product.png?sw=87&amp;sh=80&quot;,&quot;title&quot;:&quot;Cápsulas de Café Original Int 8&quot;,&quot;alt&quot;:&quot;Cápsulas de Café Original Int 8&quot;},&quot;title&quot;:&quot;Cápsulas de Café Original Int 8&quot;,&quot;alt&quot;:&quot;Cápsulas de Café Original Int 8&quot;}"></div>
                        <div class="ct-tile-quantity-update quantity-update product-qty-vue" data-remove-action="https://www.continente.pt/on/demandware.store/Sites-continente-Site/default/Cart-RemoveProductLineItem" data-action="https://www.continente.pt/on/demandware.store/Sites-continente-Site/default/Cart-UpdateQuantity" data-dimension-update="https://www.continente.pt/on/demandware.store/Sites-continente-Site/default/Cart-DimensionUpdate" data-pid="7067924" data-uuid="91e1ea3f23ddafdfad570d7f87" data-add-delay="500.0" data-measure-options="{&quot;hasConversionRate&quot;:false,&quot;hasAlternativeSaleUnit&quot;:false,&quot;unitConversionRate&quot;:0,&quot;minOrderQuantity&quot;:1,&quot;stepQuantity&quot;:1,&quot;primaryunit&quot;:&quot;un&quot;,&quot;secondaryunit&quot;:&quot;un&quot;,&quot;selectedunit&quot;:&quot;primary&quot;,&quot;maxNumberOfUnitsPerSale&quot;:50}" data-price-available="null" :data-has-error="isMaxQtyReached || isMinQtyReached || qtySelectedMoreThanOne">
                        <template v-show="prodUnits">
                        <div class="quantity-input-wrapper has-units">
                        <label class="visually-hidden" :for="'quantity-' + pid + additionalTag">
                        Quantidade no carrinho
                        </label>
                        <input :ref="'quantityInput-' + pid + additionalTag" class="add-to-cart-quantity form-control ct-form-input text-center" inputmode="numeric" :class="{'is-invalid': isInvalid}" :data-pid="pid + additionalTag" :name="'quantity-' + pid + additionalTag" type="text" aria-label="Insira a quantidade" title="" v-model="displayValue" @change="updateQuantity" @focus="updateQtyFormat" @blur="restoreQtyFormat" :disabled="!isPriceAvailable">
                        <span class="quantity-icon quantity-icon--minus">
                        <button class="decrease-quantity-btn" @click="updateQuantity" :disabled="!isPriceAvailable" role="button" aria-label="Reduzir quantidade">
                        <i class="css-math-minus"></i>
                        </button>
                        </span>
                        <span class="quantity-icon quantity-icon--plus">
                        <button class="increase-quantity-btn" @click="updateQuantity" :disabled="isMaxQtyReached || !isPriceAvailable" role="button" aria-label="Aumentar quantidade">
                        <i class="css-math-plus"></i>
                        </button>
                        <span class="quantity-btn-disabled-placeholder"></span>
                        </span>
                        <template v-if="isPDP">
                        <span class="quantity-error ct-span-error text-sm-center product-max-allocation" v-if="isMaxQtyReached">
                        Quantidade máxima atingida
                        </span>
                        <span class="quantity-error ct-span-product text-sm-center product-allocation" v-if="!isMinQtyReached &amp;&amp; !isMaxQtyReached">
                        {{quantitySelected}} no carrinho
                        </span>
                        <span class="quantity-error ct-span-error text-sm-center product-min-allocation" :data-pid="pid" v-if="isMinQtyReached &amp;&amp; !isMaxQtyReached">
                         Quantidade mínima atingida
                        </span>
                        </template>
                        </div>
                        <template v-if="showNotes">
                        <div class="add-note-link-container ">
                        <div class="add-note">
                        <a href="/produto/capsulas-de-cafe-original-int-8-buondi-7067924.html?showNote=true" class="ct-add-note-redirect-pdp" aria-label="Adicionar comentário">
                        <span class="svg-wrapper svg-icon-notes" style="width:19px; height:20px">
                        <svg class="svg-inline icon-notes" viewBox="0 0 28 30" xmlns="http://www.w3.org/2000/svg" width="100%" height="100%"><path d="M21.738 0C22.985 0 24 1.04 24 2.319V12.47c0 .469-.37.848-.828.848-.457 0-.827-.38-.827-.848V2.32c0-.343-.273-.622-.607-.622H2.262c-.334 0-.607.279-.607.622V27.68c0 .343.273.622.607.622h7.81c.457 0 .827.38.827.849 0 .468-.37.848-.827.848h-7.81C1.015 30 0 28.96 0 27.681V2.32C0 1.04 1.015 0 2.262 0h19.476zm2.844 16.004l.227.007c.823.053 1.589.39 2.176.964.64.627.993 1.46.993 2.349 0 .888-.353 1.722-.993 2.348l-6.83 6.665c-.11.108-.247.186-.397.226l-5.032 1.363c-.078.021-.16.032-.241.032-.242 0-.478-.097-.647-.266-.23-.231-.314-.566-.218-.874l1.49-4.798c.044-.139.122-.266.227-.369l6.844-6.677c.64-.625 1.493-.97 2.401-.97zm-2.886 3.94l-4.922 4.802-.947 3.048 3.22-.872 4.897-4.78-2.248-2.197zm2.887-2.174c-.425 0-.824.162-1.124.455l-.484.472 2.248 2.197.484-.472c.62-.606.62-1.591 0-2.197l-.117-.104c-.283-.227-.636-.35-1.007-.35zm-10.839.022c.498 0 .904.396.904.883 0 .488-.406.884-.904.884H5.946c-.499 0-.904-.396-.904-.884 0-.487.405-.883.904-.883zm5.042-4.876c.498 0 .904.397.904.884s-.406.884-.904.884H5.946c-.499 0-.904-.397-.904-.884s.405-.884.904-.884zm0-4.875c.498 0 .904.396.904.884 0 .487-.406.883-.904.883H5.946c-.499 0-.904-.396-.904-.883 0-.488.405-.884.904-.884z" fill="#EB0203" fill-rule="evenodd"></path></svg>
                        </span>
                        <div class="available-note d-none"></div>
                        </a>
                        </div>
                        </div>
                        </template>
                        <div class="measurement-unit-section" v-if="isPriceAvailable &amp;&amp; prodUnits ? prodUnits.hasAlternativeUnit : false">
                        <div class="ct-form-radio" @click="setDimension">
                        <input type="radio" title="" class="ct-form-check-input product-measurement-unit" :data-type="prodUnits.selectedUnit == prodUnits.secondaryUnit ? 'primary' : ''" :id="prodUnits.secondaryUnit + '-' + pid + '-measurement-unit-ptile' + additionalTag" :name="'measurement-unit-' + pid + '-ptile' + additionalTag" :value="prodUnits.secondaryUnit" v-model="prodUnits.selectedUnit">
                        <label :class="prodUnits.secondaryUnit + '-label ct-form-check-label mb-0'" :for="prodUnits.secondaryUnit + '-' + pid + '-measurement-unit-ptile' + additionalTag">
                        {{prodUnits.secondaryUnit}}
                        </label>
                        <span class="checkmark"></span>
                        </div>
                        <div class="ct-form-radio" @click="setDimension">
                        <input type="radio" title="" class="ct-form-check-input product-measurement-unit" :data-type="prodUnits.selectedUnit == prodUnits.primaryUnit ? 'primary' : ''" :id="prodUnits.primaryUnit + '-' + pid + '-measurement-unit-ptile' + additionalTag" :name="'measurement-unit-' + pid + '-ptile' + additionalTag" :value="prodUnits.primaryUnit" v-model="prodUnits.selectedUnit">
                        <label :class="prodUnits.primaryUnit + '-label ct-form-check-label mb-0'" :for="prodUnits.primaryUnit + '-' + pid + '-measurement-unit-ptile' + additionalTag">
                        {{prodUnits.primaryUnit}}
                        </label>
                        <span class="checkmark"></span>
                        </div>
                        </div>
                        <template v-if="!isPDP &amp;&amp; isPriceAvailable">
                        <span class="quantity-error ct-span-error product-max-allocation" v-if="isMaxQtyReached">
                        Quantidade máxima atingida
                        </span>
                        <span class="quantity-error ct-span-product product-allocation" v-if="!isMinQtyReached &amp;&amp; !isMaxQtyReached">
                        {{quantitySelected}} no carrinho
                        </span>
                        <span class="quantity-error ct-span-error product-min-allocation" :data-pid="pid" v-if="isMinQtyReached &amp;&amp; !isMaxQtyReached">
                        Quantidade mínima atingida
                        </span>
                        </template>
                        </template>
                        </div>
                        <input class="quantity-value-mask d-none" name="quantity" type="number" min="0" value="">
                        </div>
                        <button type="button" class="add-to-cart button js-add-to-cart js-add-to-cart-tile 7067924 button--primary dynamic-layout-btn" data-toggle="modal" data-target="#chooseBonusProductModal" data-pid="7067924" data-quantity-value="null" aria-label="Carrinho">
                        <span class="d-block d-sm-none">
                        <span class="svg-wrapper svg-icon-cart" style="width:20px; height:20px">
                        <svg class="svg-inline icon-cart" xmlns="http://www.w3.org/2000/svg" viewBox="0 0 500 500" width="100%" height="100%"><path fill="#EB0203" fill-rule="evenodd" d="M 485.67317,94.386311 C 476.37798,83.847129 463.09468,78.03348 448.30404,78.03348 H 90.690813 L 87.079511,51.327997 C 83.185582,22.539551 62.962285,0 41.011841,0 H 14.727836 C 6.563151,0 0,6.5286975 0,14.580758 c 0,8.05206 6.5945535,14.580758 14.727836,14.580758 h 26.284005 c 4.710398,0 14.696435,9.855222 16.894619,26.021523 L 100.01739,368.0631 c 1.88416,13.77244 9.01256,26.70549 20.1605,36.37417 8.25889,7.15046 18.02511,11.9071 28.26237,13.89679 -4.17655,7.58572 -6.53175,16.25957 -6.53175,25.493 0,29.53459 24.27424,53.59751 54.13815,53.59751 29.8325,0 54.13814,-24.03184 54.13814,-53.59751 0,-8.79818 -2.19818,-17.09897 -5.9979,-24.43598 h 77.12488 c -3.79973,7.33701 -5.96652,15.6378 -5.96652,24.43598 0,29.53459 24.27424,53.59751 54.13817,53.59751 29.83249,0 54.13814,-24.03184 54.13814,-53.59751 0,-8.79818 -2.1982,-17.09897 -5.9979,-24.43598 h 38.56243 c 8.13328,0 14.72783,-6.5287 14.72783,-14.61183 0,-8.02098 -6.59455,-14.54967 -14.72783,-14.54967 H 159.24277 c -14.38241,0 -28.13677,-11.90711 -30.02092,-26.02153 l -3.07746,-22.88154 h 290.6314 c 14.03698,0 27.94834,-5.28513 39.06488,-14.95381 11.11652,-9.6376 18.27632,-22.57065 20.16048,-36.37417 l 21.10259,-156.78201 c 1.94694,-14.51858 -2.10398,-28.29103 -11.43057,-38.861299 z M 220.76053,443.82706 c 0,13.49265 -11.08513,24.46709 -24.68247,24.46709 -13.62874,0 -24.71387,-10.97444 -24.71387,-24.46709 0,-13.49262 11.08513,-24.43598 24.71387,-24.43598 13.59734,0 24.68247,10.94336 24.68247,24.43598 z m 173.43675,0 c 0,13.49265 -11.08512,24.46709 -24.68245,24.46709 -13.62876,0 -24.71388,-10.97444 -24.71388,-24.46709 0,-13.49262 11.08512,-24.43598 24.71388,-24.43598 13.59733,0 24.68245,10.94336 24.68245,24.43598 z m 73.7648,-314.46558 -21.13397,156.782 c -1.88416,14.11442 -15.63851,26.05261 -30.02091,26.05261 H 122.25046 L 94.616142,107.19499 H 448.33544 c 6.18632,0 11.61896,2.2695 15.23028,6.37326 3.64269,4.13484 5.21283,9.73086 4.39636,15.79323 z"></path></svg>
                        </span>
                        </span>
                        <span class="add-to-cart--text d-none d-sm-block">Carrinho</span>
                        </button>
                        </div>
                        </div>
                        </div>
                        </div>
                        
                        <div class="col-12 d-sm-none">
                        </div>
                        </div>
                        </div>
                        </div>
                        </div>
                        <div class="col-12 col-sm-3 col-lg-2 productTile" data-idx="26">
                        
                        <script type="text/javascript">//<!--
                        /* <![CDATA[ */
                        (function(){
                        try {
                            if(window.CQuotient) {
                            var cq_params = {};
                            
                            cq_params.cookieId = window.CQuotient.getCQCookieId();
                            cq_params.userId = window.CQuotient.getCQUserId();
                            cq_params.emailId = CQuotient.getCQHashedEmail();
                            cq_params.loginId = CQuotient.getCQHashedLogin();
                            cq_params.accumulate = true;
                            cq_params.products = [{
                                id: '5254224',
                                sku: ''
                            }];
                            cq_params.categoryId = 'mercearias';
                            cq_params.refinements = '[{\"name\":\"priceMin\",\"value\":\"0.01\"},{\"name\":\"priceMax\",\"value\":\"null\"},{\"name\":\"curr\",\"value\":\"EUR\"},{\"name\":\"Category\",\"value\":\"mercearias\"}]';
                            cq_params.personalized = 'false';
                            cq_params.sortingRule = 'FOOD_Mercearia';
                            cq_params.imageUUID = '__UNDEFINED__';
                            cq_params.realm = "BDVS";
                            cq_params.siteId = "continente";
                            cq_params.instanceType = "prd";
                            cq_params.queryLocale = "default";
                            cq_params.locale = window.CQuotient.locale;
                            
                            if(window.CQuotient.sendActivity)
                                window.CQuotient.sendActivity(CQuotient.clientId, 'viewCategory', cq_params);
                            else
                                window.CQuotient.activities.push({
                                    activityType: 'viewCategory',
                                    parameters: cq_params
                                });
                          }
                        } catch(err) {}
                        })();
                        /* ]]> */
                        // -->
                        </script>
                        <script type="text/javascript">//<!--
                        /* <![CDATA[ (viewCategoryProduct-active_data.js) */
                        (function(){
                        try {
                            if (dw.ac) {
                                var search_params = {};
                                search_params.persd = 'false';
                                search_params.refs = '[{\"name\":\"priceMin\",\"value\":\"0.01\"},{\"name\":\"priceMax\",\"value\":\"null\"},{\"name\":\"curr\",\"value\":\"EUR\"},{\"name\":\"Category\",\"value\":\"mercearias\"}]';
                                search_params.sort = 'FOOD_Mercearia';
                                search_params.imageUUID = '';
                                search_params.searchID = 'afeeff71-841d-471a-a4b6-1885a5ac2689';
                                search_params.locale = 'default';
                                search_params.queryLocale = 'default';
                                search_params.showProducts = 'true';
                                dw.ac.applyContext({category: "mercearias", searchData: search_params});
                                if (typeof dw.ac._scheduleDataSubmission === "function") {
                                    dw.ac._scheduleDataSubmission();
                                }
                            }
                        } catch(err) {}
                        })();
                        /* ]]> */
                        // -->
                        </script>
                        <script type="text/javascript">//<!--
                        /* <![CDATA[ (viewProduct-active_data.js) */
                        dw.ac._capture({id: "5254224", type: "searchhit"});
                        /* ]]> */
                        // -->
                        </script>
                        <div class="product" data-pid="5254224">
                        <div class="product-tile pid-5254224 ct-product-tile data-layer-pushed" data-delay-time="3000" data-variants-mapping="[]" data-in-cart-msg="no carrinho" data-one-product-added="Adicionado ao carrinho" data-remove-from-cart-msg="Removido do carrinho" data-stay-open="6000.0" data-product-tile-impression="{&quot;name&quot;:&quot;5254224&quot;,&quot;id&quot;:&quot;5254224&quot;,&quot;price&quot;:0.8,&quot;brand&quot;:&quot;Continente&quot;,&quot;category&quot;:[{&quot;category_level_1&quot;:&quot;Mercearia&quot;},{&quot;category_level_2&quot;:&quot;Arroz, Massa e Farinha&quot;},{&quot;category_level_3&quot;:&quot;Massa&quot;}],&quot;variant&quot;:&quot;&quot;}">
                        <div class="ct-inner-tile-wrap row no-gutters justify-content-center align-content-start">
                        
                        <div class="ct-image-container col-4 col-sm" data-confirmation-image="{&quot;url&quot;:&quot;https://www.continente.pt/dw/image/v2/BDVS_PRD/on/demandware.static/-/Sites-col-master-catalog/default/dw9febad84/images/col/525/5254224-frente.jpg?sw=87&amp;sh=80&quot;,&quot;fallbackimage&quot;:{&quot;url&quot;:&quot;https://www.continente.pt/dw/image/v2/BDVS_PRD/on/demandware.static/Sites-continente-Site/-/default/dw7c42b4da/images/noimagelarge_product.png?sw=87&amp;sh=80&quot;,&quot;title&quot;:&quot;Massa Esparguete&quot;,&quot;alt&quot;:&quot;Massa Esparguete&quot;},&quot;title&quot;:&quot;Massa Esparguete&quot;,&quot;alt&quot;:&quot;Massa Esparguete&quot;}">
                        <a href="https://www.continente.pt/produto/massa-esparguete-continente-5254224.html?cgid=mercearias">
                        <picture class="intrinsic intrinsic--square">
                        <img class="ct-tile-image lazyloaded" loading="lazy" onerror="this.onerror=null;this.src='/on/demandware.static/Sites-continente-Site/-/default/dw7c42b4da/images/noimagelarge_product.png';" data-src="https://www.continente.pt/dw/image/v2/BDVS_PRD/on/demandware.static/-/Sites-col-master-catalog/default/dw9febad84/images/col/525/5254224-frente.jpg?sw=280&amp;sh=280" alt="Massa Esparguete" title="Massa Esparguete" src="https://www.continente.pt/dw/image/v2/BDVS_PRD/on/demandware.static/-/Sites-col-master-catalog/default/dw9febad84/images/col/525/5254224-frente.jpg?sw=280&amp;sh=280">
                        </picture>
                        </a>
                        <div class="color-swatches d-flex" style="margin-left: 5px;">
                        <div class="swatches d-flex">
                        </div>
                        </div>
                        </div>
                        <div class="ct-tile-body col col-sm-auto ">
                        <div class="ct-pdp-details">
                        <div class="ct-pdp-link">
                        <a class="ct-tile--description" href="https://www.continente.pt/produto/massa-esparguete-continente-5254224.html?cgid=mercearias">Massa Esparguete</a>
                        <div class="ct-tile--favorite-top d-sm-none">
                        <button class="wishlist-toggler guest-mode inactive button button--tertiary" data-pid="5254224" data-add-url="https://www.continente.pt/on/demandware.store/Sites-continente-Site/default/Wishlist-AddProduct?pid=5254224" data-toggle="tooltip" aria-label="Adicionar aos favoritos " data-original-title="Adicionar aos favoritos" data-placement="top">
                        <svg class="active-content" width="100%" height="100%" viewBox="0 0 20 22" fill="none" xmlns="http://www.w3.org/2000/svg">
                        <path fill-rule="evenodd" clip-rule="evenodd" d="M0 1.53052C0 0.685236 0.692171 0 1.54601 0H15.0736C15.9274 0 16.6196 0.685235 16.6196 1.53052V13.4064L15.8127 13.922L14.2658 14.2658L12.7189 13.4064L10.6054 14.3818C10.4994 14.2451 10.3327 14.157 10.1452 14.157H6.76329C6.4431 14.157 6.18354 14.414 6.18354 14.731C6.18354 15.0479 6.4431 15.3049 6.76329 15.3049H10.1452C10.2478 15.3049 10.3441 15.2785 10.4277 15.2322L10.3126 16.8439L13.2345 20.2793H1.54601C0.69217 20.2793 0 19.5941 0 18.7488V1.53052ZM6.18354 5.5483C6.18354 5.23132 6.4431 4.97436 6.76329 4.97436H12.3676C12.6878 4.97436 12.9473 5.23132 12.9473 5.5483C12.9473 5.86528 12.6878 6.12224 12.3676 6.12224H6.76329C6.4431 6.12224 6.18354 5.86528 6.18354 5.5483ZM6.76329 11.0961C6.4431 11.0961 6.18354 11.3531 6.18354 11.6701C6.18354 11.987 6.4431 12.244 6.76329 12.244H12.3676C12.6878 12.244 12.9473 11.987 12.9473 11.6701C12.9473 11.3531 12.6878 11.0961 12.3676 11.0961H6.76329ZM6.18354 8.60985C6.18354 8.29287 6.4431 8.03591 6.76329 8.03591H12.3676C12.6878 8.03591 12.9473 8.29287 12.9473 8.60985C12.9473 8.92684 12.6878 9.1838 12.3676 9.1838H6.76329C6.4431 9.1838 6.18354 8.92684 6.18354 8.60985ZM3.67118 5.5483C3.67118 5.23132 3.93075 4.97436 4.25093 4.97436H4.63743C4.95762 4.97436 5.21719 5.23132 5.21719 5.5483C5.21719 5.86528 4.95762 6.12224 4.63743 6.12224H4.25093C3.93075 6.12224 3.67118 5.86528 3.67118 5.5483ZM4.25093 11.0961C3.93075 11.0961 3.67118 11.3531 3.67118 11.6701C3.67118 11.987 3.93075 12.244 4.25093 12.244H4.63743C4.95762 12.244 5.21719 11.987 5.21719 11.6701C5.21719 11.3531 4.95762 11.0961 4.63743 11.0961H4.25093ZM3.67118 8.60985C3.67118 8.29287 3.93075 8.03591 4.25093 8.03591H4.63743C4.95762 8.03591 5.21719 8.29287 5.21719 8.60985C5.21719 8.92684 4.95762 9.1838 4.63743 9.1838H4.25093C3.93075 9.1838 3.67118 8.92684 3.67118 8.60985ZM4.25093 14.157C3.93075 14.157 3.67118 14.414 3.67118 14.731C3.67118 15.0479 3.93075 15.3049 4.25093 15.3049H4.63743C4.95762 15.3049 5.21719 15.0479 5.21719 14.731C5.21719 14.414 4.95762 14.157 4.63743 14.157H4.25093Z" fill="#EB0203"></path>
                        <path fill-rule="evenodd" clip-rule="evenodd" d="M14.6252 13.6363C13.4918 12.6215 11.7817 12.5264 10.6569 13.4792C9.12421 14.7764 9.34841 16.8912 10.4409 18.0122L14.0159 21.6742C14.2197 21.8832 14.4928 22 14.7822 22C15.0737 22 15.3448 21.8852 15.5486 21.6762L19.1236 18.0142C20.214 16.8933 20.4423 14.7785 18.9075 13.4792C17.7827 12.5283 16.0724 12.6217 14.9391 13.6365C14.8855 13.6845 14.8331 13.7345 14.7822 13.7866C14.7313 13.7345 14.6789 13.6843 14.6252 13.6363ZM18.1546 14.3522C19.0973 15.1508 18.9962 16.4896 18.2891 17.2173C18.2888 17.2175 18.2886 17.2177 18.2884 17.218L14.7832 20.8084L11.2753 17.2151C11.2752 17.215 11.2751 17.2149 11.2749 17.2148C10.5677 16.4887 10.4678 15.1495 11.4104 14.3518L11.4108 14.3514C12.0745 13.7892 13.2018 13.82 13.9488 14.5846L14.7822 15.4378L15.6157 14.5846C16.3617 13.8211 17.4896 13.79 18.1545 14.3521" fill="#EB0203"></path>
                        </svg>
                        <svg class="inactive-content" width="100%" height="100%" viewBox="0 0 20 23" fill="none" xmlns="http://www.w3.org/2000/svg">
                        <path fill-rule="evenodd" clip-rule="evenodd" d="M6.18408 5.77914C6.18408 5.46223 6.44363 5.20532 6.7638 5.20532H12.3678C12.6879 5.20532 12.9475 5.46223 12.9475 5.77914C12.9475 6.09606 12.6879 6.35297 12.3678 6.35297H6.7638C6.44363 6.35297 6.18408 6.09606 6.18408 5.77914Z" fill="#EB0203"></path>
                        <path fill-rule="evenodd" clip-rule="evenodd" d="M6.18408 11.9034C6.18408 11.5865 6.44363 11.3296 6.7638 11.3296H12.3678C12.6879 11.3296 12.9475 11.5865 12.9475 11.9034C12.9475 12.2202 12.6879 12.4771 12.3678 12.4771H6.7638C6.44363 12.4771 6.18408 12.2202 6.18408 11.9034Z" fill="#EB0203"></path>
                        <path fill-rule="evenodd" clip-rule="evenodd" d="M6.18408 8.84116C6.18408 8.52424 6.44363 8.26733 6.7638 8.26733H12.3678C12.6879 8.26733 12.9475 8.52424 12.9475 8.84116C12.9475 9.15807 12.6879 9.41498 12.3678 9.41498H6.7638C6.44363 9.41498 6.18408 9.15807 6.18408 8.84116Z" fill="#EB0203"></path>
                        <path fill-rule="evenodd" clip-rule="evenodd" d="M6.18408 14.9655C6.18408 14.6486 6.44363 14.3917 6.7638 14.3917H10.1455C10.4657 14.3917 10.7252 14.6486 10.7252 14.9655C10.7252 15.2825 10.4657 15.5394 10.1455 15.5394H6.7638C6.44363 15.5394 6.18408 15.2825 6.18408 14.9655Z" fill="#EB0203"></path>
                        <path fill-rule="evenodd" clip-rule="evenodd" d="M3.67139 5.77914C3.67139 5.46223 3.93094 5.20532 4.25111 5.20532H4.63759C4.95776 5.20532 5.21731 5.46223 5.21731 5.77914C5.21731 6.09606 4.95776 6.35297 4.63759 6.35297H4.25111C3.93094 6.35297 3.67139 6.09606 3.67139 5.77914Z" fill="#EB0203"></path>
                        <path fill-rule="evenodd" clip-rule="evenodd" d="M3.67139 11.9034C3.67139 11.5865 3.93094 11.3296 4.25111 11.3296H4.63759C4.95776 11.3296 5.21731 11.5865 5.21731 11.9034C5.21731 12.2202 4.95776 12.4771 4.63759 12.4771H4.25111C3.93094 12.4771 3.67139 12.2202 3.67139 11.9034Z" fill="#EB0203"></path>
                        <path fill-rule="evenodd" clip-rule="evenodd" d="M3.67139 8.84116C3.67139 8.52424 3.93094 8.26733 4.25111 8.26733H4.63759C4.95776 8.26733 5.21731 8.52424 5.21731 8.84116C5.21731 9.15807 4.95776 9.41498 4.63759 9.41498H4.25111C3.93094 9.41498 3.67139 9.15807 3.67139 8.84116Z" fill="#EB0203"></path>
                        <path fill-rule="evenodd" clip-rule="evenodd" d="M3.67139 14.9655C3.67139 14.6486 3.93094 14.3917 4.25111 14.3917H4.63759C4.95776 14.3917 5.21731 14.6486 5.21731 14.9655C5.21731 15.2825 4.95776 15.5394 4.63759 15.5394H4.25111C3.93094 15.5394 3.67139 15.2825 3.67139 14.9655Z" fill="#EB0203"></path>
                        <path fill-rule="evenodd" clip-rule="evenodd" d="M0 1.76033C0 0.914738 0.692131 0.229248 1.54592 0.229248H15.0727C15.9265 0.229248 16.6186 0.914738 16.6186 1.76033V11.2818C16.6186 11.5989 16.3591 11.8559 16.0389 11.8559C15.7187 11.8559 15.4592 11.5989 15.4592 11.2818V1.76033C15.4592 1.54893 15.2862 1.37756 15.0727 1.37756H1.54592C1.33247 1.37756 1.15944 1.54893 1.15944 1.76033V18.985C1.15944 19.1964 1.33247 19.3678 1.54592 19.3678H9.27551C9.59568 19.3678 9.85523 19.6249 9.85523 19.942C9.85523 20.2591 9.59568 20.5161 9.27551 20.5161H1.54592C0.692131 20.5161 0 19.8306 0 18.985V1.76033Z" fill="#EB0203"></path>
                        <path fill-rule="evenodd" clip-rule="evenodd" d="M14.6254 13.8718C13.4921 12.8567 11.7821 12.7615 10.6574 13.7147C9.12472 15.0124 9.34891 17.128 10.4413 18.2493L14.0161 21.9126C14.2199 22.1217 14.493 22.2386 14.7824 22.2386C15.0739 22.2386 15.3449 22.1238 15.5487 21.9147L19.1235 18.2514C20.2139 17.13 20.4422 15.0144 18.9075 13.7147C17.7827 12.7634 16.0726 12.8569 14.9392 13.872C14.8856 13.92 14.8333 13.9701 14.7824 14.0222C14.7314 13.97 14.6791 13.9199 14.6254 13.8718ZM18.1546 14.588C19.0972 15.3869 18.9961 16.7262 18.2891 17.4541C18.2888 17.4543 18.2886 17.4546 18.2884 17.4548L14.7834 21.0466L11.2757 17.452C11.2756 17.4519 11.2755 17.4517 11.2753 17.4516C10.5681 16.7252 10.4682 15.3856 11.4108 14.5876L11.4112 14.5872C12.0748 14.0248 13.202 14.0556 13.949 14.8205L14.7824 15.674L15.6158 14.8205C16.3618 14.0567 17.4896 14.0256 18.1545 14.5879" fill="#EB0203"></path>
                        </svg>
                        </button>
                        </div>
                        </div>
                        <p class="ct-tile--brand">Continente</p>
                        <p class="ct-tile--quantity">emb. 500 gr</p>
                        </div>
                        <div class="ct-tile-bottom row no-gutters justify-content-between">
                        <div class="ct-price-wrap col-8 col-sm-12">
                        <div class="price js-product-price">
                        <div class="prices-wrapper">
                        <span class="sales ct-tile--price-primary ">
                        <span class="value" content="0.80">
                        <span class="ct-price-formatted">
                        €0,80
                        </span>
                        <span class="ct-m-unit">
                        /un
                        </span>
                        </span>
                        </span>
                        </div>
                        <div class="ct-tile--price-secondary">
                        <span class="ct-price-value">
                        €1,60
                        </span>
                        <span class="ct-m-unit">
                        /kg
                        </span>
                        </div>
                        </div>
                        </div>
                        <div class="ct-tile-buy-section d-flex justify-content-center no-gutters col-auto col-sm-12">
                        <div class="col-2 d-sm-flex d-none">
                        <button class="wishlist-toggler guest-mode inactive button button--tertiary" data-pid="5254224" data-add-url="https://www.continente.pt/on/demandware.store/Sites-continente-Site/default/Wishlist-AddProduct?pid=5254224" data-toggle="tooltip" aria-label="Adicionar aos favoritos " data-original-title="Adicionar aos favoritos" data-placement="top">
                        <svg class="active-content" width="100%" height="100%" viewBox="0 0 20 22" fill="none" xmlns="http://www.w3.org/2000/svg">
                        <path fill-rule="evenodd" clip-rule="evenodd" d="M0 1.53052C0 0.685236 0.692171 0 1.54601 0H15.0736C15.9274 0 16.6196 0.685235 16.6196 1.53052V13.4064L15.8127 13.922L14.2658 14.2658L12.7189 13.4064L10.6054 14.3818C10.4994 14.2451 10.3327 14.157 10.1452 14.157H6.76329C6.4431 14.157 6.18354 14.414 6.18354 14.731C6.18354 15.0479 6.4431 15.3049 6.76329 15.3049H10.1452C10.2478 15.3049 10.3441 15.2785 10.4277 15.2322L10.3126 16.8439L13.2345 20.2793H1.54601C0.69217 20.2793 0 19.5941 0 18.7488V1.53052ZM6.18354 5.5483C6.18354 5.23132 6.4431 4.97436 6.76329 4.97436H12.3676C12.6878 4.97436 12.9473 5.23132 12.9473 5.5483C12.9473 5.86528 12.6878 6.12224 12.3676 6.12224H6.76329C6.4431 6.12224 6.18354 5.86528 6.18354 5.5483ZM6.76329 11.0961C6.4431 11.0961 6.18354 11.3531 6.18354 11.6701C6.18354 11.987 6.4431 12.244 6.76329 12.244H12.3676C12.6878 12.244 12.9473 11.987 12.9473 11.6701C12.9473 11.3531 12.6878 11.0961 12.3676 11.0961H6.76329ZM6.18354 8.60985C6.18354 8.29287 6.4431 8.03591 6.76329 8.03591H12.3676C12.6878 8.03591 12.9473 8.29287 12.9473 8.60985C12.9473 8.92684 12.6878 9.1838 12.3676 9.1838H6.76329C6.4431 9.1838 6.18354 8.92684 6.18354 8.60985ZM3.67118 5.5483C3.67118 5.23132 3.93075 4.97436 4.25093 4.97436H4.63743C4.95762 4.97436 5.21719 5.23132 5.21719 5.5483C5.21719 5.86528 4.95762 6.12224 4.63743 6.12224H4.25093C3.93075 6.12224 3.67118 5.86528 3.67118 5.5483ZM4.25093 11.0961C3.93075 11.0961 3.67118 11.3531 3.67118 11.6701C3.67118 11.987 3.93075 12.244 4.25093 12.244H4.63743C4.95762 12.244 5.21719 11.987 5.21719 11.6701C5.21719 11.3531 4.95762 11.0961 4.63743 11.0961H4.25093ZM3.67118 8.60985C3.67118 8.29287 3.93075 8.03591 4.25093 8.03591H4.63743C4.95762 8.03591 5.21719 8.29287 5.21719 8.60985C5.21719 8.92684 4.95762 9.1838 4.63743 9.1838H4.25093C3.93075 9.1838 3.67118 8.92684 3.67118 8.60985ZM4.25093 14.157C3.93075 14.157 3.67118 14.414 3.67118 14.731C3.67118 15.0479 3.93075 15.3049 4.25093 15.3049H4.63743C4.95762 15.3049 5.21719 15.0479 5.21719 14.731C5.21719 14.414 4.95762 14.157 4.63743 14.157H4.25093Z" fill="#EB0203"></path>
                        <path fill-rule="evenodd" clip-rule="evenodd" d="M14.6252 13.6363C13.4918 12.6215 11.7817 12.5264 10.6569 13.4792C9.12421 14.7764 9.34841 16.8912 10.4409 18.0122L14.0159 21.6742C14.2197 21.8832 14.4928 22 14.7822 22C15.0737 22 15.3448 21.8852 15.5486 21.6762L19.1236 18.0142C20.214 16.8933 20.4423 14.7785 18.9075 13.4792C17.7827 12.5283 16.0724 12.6217 14.9391 13.6365C14.8855 13.6845 14.8331 13.7345 14.7822 13.7866C14.7313 13.7345 14.6789 13.6843 14.6252 13.6363ZM18.1546 14.3522C19.0973 15.1508 18.9962 16.4896 18.2891 17.2173C18.2888 17.2175 18.2886 17.2177 18.2884 17.218L14.7832 20.8084L11.2753 17.2151C11.2752 17.215 11.2751 17.2149 11.2749 17.2148C10.5677 16.4887 10.4678 15.1495 11.4104 14.3518L11.4108 14.3514C12.0745 13.7892 13.2018 13.82 13.9488 14.5846L14.7822 15.4378L15.6157 14.5846C16.3617 13.8211 17.4896 13.79 18.1545 14.3521" fill="#EB0203"></path>
                        </svg>
                        <svg class="inactive-content" width="100%" height="100%" viewBox="0 0 20 23" fill="none" xmlns="http://www.w3.org/2000/svg">
                        <path fill-rule="evenodd" clip-rule="evenodd" d="M6.18408 5.77914C6.18408 5.46223 6.44363 5.20532 6.7638 5.20532H12.3678C12.6879 5.20532 12.9475 5.46223 12.9475 5.77914C12.9475 6.09606 12.6879 6.35297 12.3678 6.35297H6.7638C6.44363 6.35297 6.18408 6.09606 6.18408 5.77914Z" fill="#EB0203"></path>
                        <path fill-rule="evenodd" clip-rule="evenodd" d="M6.18408 11.9034C6.18408 11.5865 6.44363 11.3296 6.7638 11.3296H12.3678C12.6879 11.3296 12.9475 11.5865 12.9475 11.9034C12.9475 12.2202 12.6879 12.4771 12.3678 12.4771H6.7638C6.44363 12.4771 6.18408 12.2202 6.18408 11.9034Z" fill="#EB0203"></path>
                        <path fill-rule="evenodd" clip-rule="evenodd" d="M6.18408 8.84116C6.18408 8.52424 6.44363 8.26733 6.7638 8.26733H12.3678C12.6879 8.26733 12.9475 8.52424 12.9475 8.84116C12.9475 9.15807 12.6879 9.41498 12.3678 9.41498H6.7638C6.44363 9.41498 6.18408 9.15807 6.18408 8.84116Z" fill="#EB0203"></path>
                        <path fill-rule="evenodd" clip-rule="evenodd" d="M6.18408 14.9655C6.18408 14.6486 6.44363 14.3917 6.7638 14.3917H10.1455C10.4657 14.3917 10.7252 14.6486 10.7252 14.9655C10.7252 15.2825 10.4657 15.5394 10.1455 15.5394H6.7638C6.44363 15.5394 6.18408 15.2825 6.18408 14.9655Z" fill="#EB0203"></path>
                        <path fill-rule="evenodd" clip-rule="evenodd" d="M3.67139 5.77914C3.67139 5.46223 3.93094 5.20532 4.25111 5.20532H4.63759C4.95776 5.20532 5.21731 5.46223 5.21731 5.77914C5.21731 6.09606 4.95776 6.35297 4.63759 6.35297H4.25111C3.93094 6.35297 3.67139 6.09606 3.67139 5.77914Z" fill="#EB0203"></path>
                        <path fill-rule="evenodd" clip-rule="evenodd" d="M3.67139 11.9034C3.67139 11.5865 3.93094 11.3296 4.25111 11.3296H4.63759C4.95776 11.3296 5.21731 11.5865 5.21731 11.9034C5.21731 12.2202 4.95776 12.4771 4.63759 12.4771H4.25111C3.93094 12.4771 3.67139 12.2202 3.67139 11.9034Z" fill="#EB0203"></path>
                        <path fill-rule="evenodd" clip-rule="evenodd" d="M3.67139 8.84116C3.67139 8.52424 3.93094 8.26733 4.25111 8.26733H4.63759C4.95776 8.26733 5.21731 8.52424 5.21731 8.84116C5.21731 9.15807 4.95776 9.41498 4.63759 9.41498H4.25111C3.93094 9.41498 3.67139 9.15807 3.67139 8.84116Z" fill="#EB0203"></path>
                        <path fill-rule="evenodd" clip-rule="evenodd" d="M3.67139 14.9655C3.67139 14.6486 3.93094 14.3917 4.25111 14.3917H4.63759C4.95776 14.3917 5.21731 14.6486 5.21731 14.9655C5.21731 15.2825 4.95776 15.5394 4.63759 15.5394H4.25111C3.93094 15.5394 3.67139 15.2825 3.67139 14.9655Z" fill="#EB0203"></path>
                        <path fill-rule="evenodd" clip-rule="evenodd" d="M0 1.76033C0 0.914738 0.692131 0.229248 1.54592 0.229248H15.0727C15.9265 0.229248 16.6186 0.914738 16.6186 1.76033V11.2818C16.6186 11.5989 16.3591 11.8559 16.0389 11.8559C15.7187 11.8559 15.4592 11.5989 15.4592 11.2818V1.76033C15.4592 1.54893 15.2862 1.37756 15.0727 1.37756H1.54592C1.33247 1.37756 1.15944 1.54893 1.15944 1.76033V18.985C1.15944 19.1964 1.33247 19.3678 1.54592 19.3678H9.27551C9.59568 19.3678 9.85523 19.6249 9.85523 19.942C9.85523 20.2591 9.59568 20.5161 9.27551 20.5161H1.54592C0.692131 20.5161 0 19.8306 0 18.985V1.76033Z" fill="#EB0203"></path>
                        <path fill-rule="evenodd" clip-rule="evenodd" d="M14.6254 13.8718C13.4921 12.8567 11.7821 12.7615 10.6574 13.7147C9.12472 15.0124 9.34891 17.128 10.4413 18.2493L14.0161 21.9126C14.2199 22.1217 14.493 22.2386 14.7824 22.2386C15.0739 22.2386 15.3449 22.1238 15.5487 21.9147L19.1235 18.2514C20.2139 17.13 20.4422 15.0144 18.9075 13.7147C17.7827 12.7634 16.0726 12.8569 14.9392 13.872C14.8856 13.92 14.8333 13.9701 14.7824 14.0222C14.7314 13.97 14.6791 13.9199 14.6254 13.8718ZM18.1546 14.588C19.0972 15.3869 18.9961 16.7262 18.2891 17.4541C18.2888 17.4543 18.2886 17.4546 18.2884 17.4548L14.7834 21.0466L11.2757 17.452C11.2756 17.4519 11.2755 17.4517 11.2753 17.4516C10.5681 16.7252 10.4682 15.3856 11.4108 14.5876L11.4112 14.5872C12.0748 14.0248 13.202 14.0556 13.949 14.8205L14.7824 15.674L15.6158 14.8205C16.3618 14.0567 17.4896 14.0256 18.1545 14.5879" fill="#EB0203"></path>
                        </svg>
                        </button>
                        </div>
                        <div class="col-sm-10 col-12">
                        <div class="ct-tile-quantity d-none" data-pid="5254224">
                        <input type="hidden" class="add-to-cart-url" value="https://www.continente.pt/on/demandware.store/Sites-continente-Site/default/Cart-AddProduct">
                        <div class="d-none tile-delete-confirmation-btn" data-pid="5254224" data-delay-time="3000" data-in-cart-msg="no carrinho" data-one-product-added="Adicionado ao carrinho" data-remove-from-cart-msg="Removido do carrinho" data-stay-open="6000.0" data-confirmation-image="{&quot;url&quot;:&quot;https://www.continente.pt/dw/image/v2/BDVS_PRD/on/demandware.static/-/Sites-col-master-catalog/default/dw9febad84/images/col/525/5254224-frente.jpg?sw=87&amp;sh=80&quot;,&quot;fallbackimage&quot;:{&quot;url&quot;:&quot;https://www.continente.pt/dw/image/v2/BDVS_PRD/on/demandware.static/Sites-continente-Site/-/default/dw7c42b4da/images/noimagelarge_product.png?sw=87&amp;sh=80&quot;,&quot;title&quot;:&quot;Massa Esparguete&quot;,&quot;alt&quot;:&quot;Massa Esparguete&quot;},&quot;title&quot;:&quot;Massa Esparguete&quot;,&quot;alt&quot;:&quot;Massa Esparguete&quot;}"></div>
                        <div class="ct-tile-quantity-update quantity-update product-qty-vue" data-remove-action="https://www.continente.pt/on/demandware.store/Sites-continente-Site/default/Cart-RemoveProductLineItem" data-action="https://www.continente.pt/on/demandware.store/Sites-continente-Site/default/Cart-UpdateQuantity" data-dimension-update="https://www.continente.pt/on/demandware.store/Sites-continente-Site/default/Cart-DimensionUpdate" data-pid="5254224" data-uuid="49d35e3ce5fe503ff8043fd12a" data-add-delay="500.0" data-measure-options="{&quot;hasConversionRate&quot;:false,&quot;hasAlternativeSaleUnit&quot;:false,&quot;unitConversionRate&quot;:0,&quot;minOrderQuantity&quot;:1,&quot;stepQuantity&quot;:1,&quot;primaryunit&quot;:&quot;un&quot;,&quot;secondaryunit&quot;:&quot;kg&quot;,&quot;selectedunit&quot;:&quot;primary&quot;,&quot;maxNumberOfUnitsPerSale&quot;:50}" data-price-available="null" :data-has-error="isMaxQtyReached || isMinQtyReached || qtySelectedMoreThanOne">
                        <template v-show="prodUnits">
                        <div class="quantity-input-wrapper has-units">
                        <label class="visually-hidden" :for="'quantity-' + pid + additionalTag">
                        Quantidade no carrinho
                        </label>
                        <input :ref="'quantityInput-' + pid + additionalTag" class="add-to-cart-quantity form-control ct-form-input text-center" inputmode="numeric" :class="{'is-invalid': isInvalid}" :data-pid="pid + additionalTag" :name="'quantity-' + pid + additionalTag" type="text" aria-label="Insira a quantidade" title="" v-model="displayValue" @change="updateQuantity" @focus="updateQtyFormat" @blur="restoreQtyFormat" :disabled="!isPriceAvailable">
                        <span class="quantity-icon quantity-icon--minus">
                        <button class="decrease-quantity-btn" @click="updateQuantity" :disabled="!isPriceAvailable" role="button" aria-label="Reduzir quantidade">
                        <i class="css-math-minus"></i>
                        </button>
                        </span>
                        <span class="quantity-icon quantity-icon--plus">
                        <button class="increase-quantity-btn" @click="updateQuantity" :disabled="isMaxQtyReached || !isPriceAvailable" role="button" aria-label="Aumentar quantidade">
                        <i class="css-math-plus"></i>
                        </button>
                        <span class="quantity-btn-disabled-placeholder"></span>
                        </span>
                        <template v-if="isPDP">
                        <span class="quantity-error ct-span-error text-sm-center product-max-allocation" v-if="isMaxQtyReached">
                        Quantidade máxima atingida
                        </span>
                        <span class="quantity-error ct-span-product text-sm-center product-allocation" v-if="!isMinQtyReached &amp;&amp; !isMaxQtyReached">
                        {{quantitySelected}} no carrinho
                        </span>
                        <span class="quantity-error ct-span-error text-sm-center product-min-allocation" :data-pid="pid" v-if="isMinQtyReached &amp;&amp; !isMaxQtyReached">
                        Quantidade mínima atingida
                        </span>
                        </template>
                        </div>
                        <template v-if="showNotes">
                        <div class="add-note-link-container ">
                        <div class="add-note">
                        <a href="/produto/massa-esparguete-continente-5254224.html?showNote=true" class="ct-add-note-redirect-pdp" aria-label="Adicionar comentário">
                        <span class="svg-wrapper svg-icon-notes" style="width:19px; height:20px">
                        <svg class="svg-inline icon-notes" viewBox="0 0 28 30" xmlns="http://www.w3.org/2000/svg" width="100%" height="100%"><path d="M21.738 0C22.985 0 24 1.04 24 2.319V12.47c0 .469-.37.848-.828.848-.457 0-.827-.38-.827-.848V2.32c0-.343-.273-.622-.607-.622H2.262c-.334 0-.607.279-.607.622V27.68c0 .343.273.622.607.622h7.81c.457 0 .827.38.827.849 0 .468-.37.848-.827.848h-7.81C1.015 30 0 28.96 0 27.681V2.32C0 1.04 1.015 0 2.262 0h19.476zm2.844 16.004l.227.007c.823.053 1.589.39 2.176.964.64.627.993 1.46.993 2.349 0 .888-.353 1.722-.993 2.348l-6.83 6.665c-.11.108-.247.186-.397.226l-5.032 1.363c-.078.021-.16.032-.241.032-.242 0-.478-.097-.647-.266-.23-.231-.314-.566-.218-.874l1.49-4.798c.044-.139.122-.266.227-.369l6.844-6.677c.64-.625 1.493-.97 2.401-.97zm-2.886 3.94l-4.922 4.802-.947 3.048 3.22-.872 4.897-4.78-2.248-2.197zm2.887-2.174c-.425 0-.824.162-1.124.455l-.484.472 2.248 2.197.484-.472c.62-.606.62-1.591 0-2.197l-.117-.104c-.283-.227-.636-.35-1.007-.35zm-10.839.022c.498 0 .904.396.904.883 0 .488-.406.884-.904.884H5.946c-.499 0-.904-.396-.904-.884 0-.487.405-.883.904-.883zm5.042-4.876c.498 0 .904.397.904.884s-.406.884-.904.884H5.946c-.499 0-.904-.397-.904-.884s.405-.884.904-.884zm0-4.875c.498 0 .904.396.904.884 0 .487-.406.883-.904.883H5.946c-.499 0-.904-.396-.904-.883 0-.488.405-.884.904-.884z" fill="#EB0203" fill-rule="evenodd"></path></svg>
                        </span>
                        <div class="available-note d-none"></div>
                        </a>
                        </div>
                        </div>
                        </template>
                        <div class="measurement-unit-section" v-if="isPriceAvailable &amp;&amp; prodUnits ? prodUnits.hasAlternativeUnit : false">
                        <div class="ct-form-radio" @click="setDimension">
                        <input type="radio" title="" class="ct-form-check-input product-measurement-unit" :data-type="prodUnits.selectedUnit == prodUnits.secondaryUnit ? 'primary' : ''" :id="prodUnits.secondaryUnit + '-' + pid + '-measurement-unit-ptile' + additionalTag" :name="'measurement-unit-' + pid + '-ptile' + additionalTag" :value="prodUnits.secondaryUnit" v-model="prodUnits.selectedUnit">
                        <label :class="prodUnits.secondaryUnit + '-label ct-form-check-label mb-0'" :for="prodUnits.secondaryUnit + '-' + pid + '-measurement-unit-ptile' + additionalTag">
                        {{prodUnits.secondaryUnit}}
                        </label>
                        <span class="checkmark"></span>
                        </div>
                        <div class="ct-form-radio" @click="setDimension">
                        <input type="radio" title="" class="ct-form-check-input product-measurement-unit" :data-type="prodUnits.selectedUnit == prodUnits.primaryUnit ? 'primary' : ''" :id="prodUnits.primaryUnit + '-' + pid + '-measurement-unit-ptile' + additionalTag" :name="'measurement-unit-' + pid + '-ptile' + additionalTag" :value="prodUnits.primaryUnit" v-model="prodUnits.selectedUnit">
                        <label :class="prodUnits.primaryUnit + '-label ct-form-check-label mb-0'" :for="prodUnits.primaryUnit + '-' + pid + '-measurement-unit-ptile' + additionalTag">
                        {{prodUnits.primaryUnit}}
                        </label>
                        <span class="checkmark"></span>
                        </div>
                        </div>
                        <template v-if="!isPDP &amp;&amp; isPriceAvailable">
                        <span class="quantity-error ct-span-error product-max-allocation" v-if="isMaxQtyReached">
                        Quantidade máxima atingida
                        </span>
                        <span class="quantity-error ct-span-product product-allocation" v-if="!isMinQtyReached &amp;&amp; !isMaxQtyReached">
                        {{quantitySelected}} no carrinho
                        </span>
                        <span class="quantity-error ct-span-error product-min-allocation" :data-pid="pid" v-if="isMinQtyReached &amp;&amp; !isMaxQtyReached">
                        Quantidade mínima atingida
                        </span>
                        </template>
                        </template>
                        </div>
                        <input class="quantity-value-mask d-none" name="quantity" type="number" min="0" value="">
                        </div>
                        <button type="button" class="add-to-cart button js-add-to-cart js-add-to-cart-tile 5254224 button--primary dynamic-layout-btn" data-toggle="modal" data-target="#chooseBonusProductModal" data-pid="5254224" data-quantity-value="null" aria-label="Carrinho">
                        <span class="d-block d-sm-none">
                        <span class="svg-wrapper svg-icon-cart" style="width:20px; height:20px">
                        <svg class="svg-inline icon-cart" xmlns="http://www.w3.org/2000/svg" viewBox="0 0 500 500" width="100%" height="100%"><path fill="#EB0203" fill-rule="evenodd" d="M 485.67317,94.386311 C 476.37798,83.847129 463.09468,78.03348 448.30404,78.03348 H 90.690813 L 87.079511,51.327997 C 83.185582,22.539551 62.962285,0 41.011841,0 H 14.727836 C 6.563151,0 0,6.5286975 0,14.580758 c 0,8.05206 6.5945535,14.580758 14.727836,14.580758 h 26.284005 c 4.710398,0 14.696435,9.855222 16.894619,26.021523 L 100.01739,368.0631 c 1.88416,13.77244 9.01256,26.70549 20.1605,36.37417 8.25889,7.15046 18.02511,11.9071 28.26237,13.89679 -4.17655,7.58572 -6.53175,16.25957 -6.53175,25.493 0,29.53459 24.27424,53.59751 54.13815,53.59751 29.8325,0 54.13814,-24.03184 54.13814,-53.59751 0,-8.79818 -2.19818,-17.09897 -5.9979,-24.43598 h 77.12488 c -3.79973,7.33701 -5.96652,15.6378 -5.96652,24.43598 0,29.53459 24.27424,53.59751 54.13817,53.59751 29.83249,0 54.13814,-24.03184 54.13814,-53.59751 0,-8.79818 -2.1982,-17.09897 -5.9979,-24.43598 h 38.56243 c 8.13328,0 14.72783,-6.5287 14.72783,-14.61183 0,-8.02098 -6.59455,-14.54967 -14.72783,-14.54967 H 159.24277 c -14.38241,0 -28.13677,-11.90711 -30.02092,-26.02153 l -3.07746,-22.88154 h 290.6314 c 14.03698,0 27.94834,-5.28513 39.06488,-14.95381 11.11652,-9.6376 18.27632,-22.57065 20.16048,-36.37417 l 21.10259,-156.78201 c 1.94694,-14.51858 -2.10398,-28.29103 -11.43057,-38.861299 z M 220.76053,443.82706 c 0,13.49265 -11.08513,24.46709 -24.68247,24.46709 -13.62874,0 -24.71387,-10.97444 -24.71387,-24.46709 0,-13.49262 11.08513,-24.43598 24.71387,-24.43598 13.59734,0 24.68247,10.94336 24.68247,24.43598 z m 173.43675,0 c 0,13.49265 -11.08512,24.46709 -24.68245,24.46709 -13.62876,0 -24.71388,-10.97444 -24.71388,-24.46709 0,-13.49262 11.08512,-24.43598 24.71388,-24.43598 13.59733,0 24.68245,10.94336 24.68245,24.43598 z m 73.7648,-314.46558 -21.13397,156.782 c -1.88416,14.11442 -15.63851,26.05261 -30.02091,26.05261 H 122.25046 L 94.616142,107.19499 H 448.33544 c 6.18632,0 11.61896,2.2695 15.23028,6.37326 3.64269,4.13484 5.21283,9.73086 4.39636,15.79323 z"></path></svg>
                        </span>
                        </span>
                        <span class="add-to-cart--text d-none d-sm-block">Carrinho</span>
                        </button>
                        </div>
                        </div>
                        </div>
                        </div>
                        
                        <div class="col-12 d-sm-none">
                        </div>
                        </div>
                        </div>
                        </div>
                        </div>
                        <div class="col-12 col-sm-3 col-lg-2 productTile" data-idx="27">
                        
                        <script type="text/javascript">//<!--
                        /* <![CDATA[ */
                        (function(){
                        try {
                            if(window.CQuotient) {
                            var cq_params = {};
                            
                            cq_params.cookieId = window.CQuotient.getCQCookieId();
                            cq_params.userId = window.CQuotient.getCQUserId();
                            cq_params.emailId = CQuotient.getCQHashedEmail();
                            cq_params.loginId = CQuotient.getCQHashedLogin();
                            cq_params.accumulate = true;
                            cq_params.products = [{
                                id: '5045342',
                                sku: ''
                            }];
                            cq_params.categoryId = 'mercearias';
                            cq_params.refinements = '[{\"name\":\"priceMin\",\"value\":\"0.01\"},{\"name\":\"priceMax\",\"value\":\"null\"},{\"name\":\"curr\",\"value\":\"EUR\"},{\"name\":\"Category\",\"value\":\"mercearias\"}]';
                            cq_params.personalized = 'false';
                            cq_params.sortingRule = 'FOOD_Mercearia';
                            cq_params.imageUUID = '__UNDEFINED__';
                            cq_params.realm = "BDVS";
                            cq_params.siteId = "continente";
                            cq_params.instanceType = "prd";
                            cq_params.queryLocale = "default";
                            cq_params.locale = window.CQuotient.locale;
                            
                            if(window.CQuotient.sendActivity)
                                window.CQuotient.sendActivity(CQuotient.clientId, 'viewCategory', cq_params);
                            else
                                window.CQuotient.activities.push({
                                    activityType: 'viewCategory',
                                    parameters: cq_params
                                });
                          }
                        } catch(err) {}
                        })();
                        /* ]]> */
                        // -->
                        </script>
                        <script type="text/javascript">//<!--
                        /* <![CDATA[ (viewCategoryProduct-active_data.js) */
                        (function(){
                        try {
                            if (dw.ac) {
                                var search_params = {};
                                search_params.persd = 'false';
                                search_params.refs = '[{\"name\":\"priceMin\",\"value\":\"0.01\"},{\"name\":\"priceMax\",\"value\":\"null\"},{\"name\":\"curr\",\"value\":\"EUR\"},{\"name\":\"Category\",\"value\":\"mercearias\"}]';
                                search_params.sort = 'FOOD_Mercearia';
                                search_params.imageUUID = '';
                                search_params.searchID = 'afeeff71-841d-471a-a4b6-1885a5ac2689';
                                search_params.locale = 'default';
                                search_params.queryLocale = 'default';
                                search_params.showProducts = 'true';
                                dw.ac.applyContext({category: "mercearias", searchData: search_params});
                                if (typeof dw.ac._scheduleDataSubmission === "function") {
                                    dw.ac._scheduleDataSubmission();
                                }
                            }
                        } catch(err) {}
                        })();
                        /* ]]> */
                        // -->
                        </script>
                        <script type="text/javascript">//<!--
                        /* <![CDATA[ (viewProduct-active_data.js) */
                        dw.ac._capture({id: "5045342", type: "searchhit"});
                        /* ]]> */
                        // -->
                        </script>
                        <div class="product" data-pid="5045342">
                        <div class="product-tile pid-5045342 ct-product-tile data-layer-pushed" data-delay-time="3000" data-variants-mapping="[]" data-in-cart-msg="no carrinho" data-one-product-added="Adicionado ao carrinho" data-remove-from-cart-msg="Removido do carrinho" data-stay-open="6000.0" data-product-tile-impression="{&quot;name&quot;:&quot;5045342&quot;,&quot;id&quot;:&quot;5045342&quot;,&quot;price&quot;:2.39,&quot;brand&quot;:&quot;Continente&quot;,&quot;category&quot;:[{&quot;category_level_1&quot;:&quot;Mercearia&quot;},{&quot;category_level_2&quot;:&quot;Azeite, Óleo e Vinagre&quot;},{&quot;category_level_3&quot;:&quot;Óleo Alimentar&quot;}],&quot;variant&quot;:&quot;&quot;}">
                        <div class="ct-inner-tile-wrap row no-gutters justify-content-center align-content-start">
                        <div class="ct-product-tile-badge ct-product-tile-badge--promotional">
                        <img class="img-fluid lazyloaded" loading="lazy" data-src="https://www.continente.pt/dw/image/v2/BDVS_PRD/on/demandware.static/-/Sites-continente-Library/default/dw7e91cd4a/images/badges/superprice/col/superprice.png?sw=60&amp;sh=42" alt="Desconto Imediato: 7%" title="Desconto Imediato: 7%" src="https://www.continente.pt/dw/image/v2/BDVS_PRD/on/demandware.static/-/Sites-continente-Library/default/dw7e91cd4a/images/badges/superprice/col/superprice.png?sw=60&amp;sh=42">
                        <div class="ct-product-tile-badge-value-wrapper ct-product-tile-badge-value-wrapper--superprice ct-product-tile-badge-value-wrapper--with-text ">
                        <span class="ct-product-tile-badge-value--superprice">
                        DESCONTO
                        </span>
                        <span class="ct-product-tile-badge-value--superprice-quantifier d-none">
                        %
                        </span>
                        </div>
                        </div>
                        
                        <div class="ct-image-container col-4 col-sm" data-confirmation-image="{&quot;url&quot;:&quot;https://www.continente.pt/dw/image/v2/BDVS_PRD/on/demandware.static/-/Sites-col-master-catalog/default/dw48a2b1a6/col/504/5045342.jpg?sw=87&amp;sh=80&quot;,&quot;fallbackimage&quot;:{&quot;url&quot;:&quot;https://www.continente.pt/dw/image/v2/BDVS_PRD/on/demandware.static/Sites-continente-Site/-/default/dw7c42b4da/images/noimagelarge_product.png?sw=87&amp;sh=80&quot;,&quot;title&quot;:&quot;Óleo Alimentar&quot;,&quot;alt&quot;:&quot;Óleo Alimentar&quot;},&quot;title&quot;:&quot;Óleo Alimentar&quot;,&quot;alt&quot;:&quot;Óleo Alimentar&quot;}">
                        <a href="https://www.continente.pt/produto/oleo-alimentar-continente-5045342.html?cgid=mercearias">
                        <picture class="intrinsic intrinsic--square">
                        <img class="ct-tile-image lazyloaded" loading="lazy" onerror="this.onerror=null;this.src='/on/demandware.static/Sites-continente-Site/-/default/dw7c42b4da/images/noimagelarge_product.png';" data-src="https://www.continente.pt/dw/image/v2/BDVS_PRD/on/demandware.static/-/Sites-col-master-catalog/default/dw48a2b1a6/col/504/5045342.jpg?sw=280&amp;sh=280" alt="Óleo Alimentar" title="Óleo Alimentar" src="https://www.continente.pt/dw/image/v2/BDVS_PRD/on/demandware.static/-/Sites-col-master-catalog/default/dw48a2b1a6/col/504/5045342.jpg?sw=280&amp;sh=280">
                        </picture>
                        </a>
                        <div class="color-swatches d-flex" style="margin-left: 5px;">
                        <div class="swatches d-flex">
                        </div>
                        </div>
                        </div>
                        <div class="ct-tile-body col col-sm-auto ">
                        <div class="ct-pdp-details">
                        <div class="ct-pdp-link">
                        <a class="ct-tile--description" href="https://www.continente.pt/produto/oleo-alimentar-continente-5045342.html?cgid=mercearias">Óleo Alimentar</a>
                        <div class="ct-tile--favorite-top d-sm-none">
                        <button class="wishlist-toggler guest-mode inactive button button--tertiary" data-pid="5045342" data-add-url="https://www.continente.pt/on/demandware.store/Sites-continente-Site/default/Wishlist-AddProduct?pid=5045342" data-toggle="tooltip" aria-label="Adicionar aos favoritos " data-original-title="Adicionar aos favoritos" data-placement="top">
                        <svg class="active-content" width="100%" height="100%" viewBox="0 0 20 22" fill="none" xmlns="http://www.w3.org/2000/svg">
                        <path fill-rule="evenodd" clip-rule="evenodd" d="M0 1.53052C0 0.685236 0.692171 0 1.54601 0H15.0736C15.9274 0 16.6196 0.685235 16.6196 1.53052V13.4064L15.8127 13.922L14.2658 14.2658L12.7189 13.4064L10.6054 14.3818C10.4994 14.2451 10.3327 14.157 10.1452 14.157H6.76329C6.4431 14.157 6.18354 14.414 6.18354 14.731C6.18354 15.0479 6.4431 15.3049 6.76329 15.3049H10.1452C10.2478 15.3049 10.3441 15.2785 10.4277 15.2322L10.3126 16.8439L13.2345 20.2793H1.54601C0.69217 20.2793 0 19.5941 0 18.7488V1.53052ZM6.18354 5.5483C6.18354 5.23132 6.4431 4.97436 6.76329 4.97436H12.3676C12.6878 4.97436 12.9473 5.23132 12.9473 5.5483C12.9473 5.86528 12.6878 6.12224 12.3676 6.12224H6.76329C6.4431 6.12224 6.18354 5.86528 6.18354 5.5483ZM6.76329 11.0961C6.4431 11.0961 6.18354 11.3531 6.18354 11.6701C6.18354 11.987 6.4431 12.244 6.76329 12.244H12.3676C12.6878 12.244 12.9473 11.987 12.9473 11.6701C12.9473 11.3531 12.6878 11.0961 12.3676 11.0961H6.76329ZM6.18354 8.60985C6.18354 8.29287 6.4431 8.03591 6.76329 8.03591H12.3676C12.6878 8.03591 12.9473 8.29287 12.9473 8.60985C12.9473 8.92684 12.6878 9.1838 12.3676 9.1838H6.76329C6.4431 9.1838 6.18354 8.92684 6.18354 8.60985ZM3.67118 5.5483C3.67118 5.23132 3.93075 4.97436 4.25093 4.97436H4.63743C4.95762 4.97436 5.21719 5.23132 5.21719 5.5483C5.21719 5.86528 4.95762 6.12224 4.63743 6.12224H4.25093C3.93075 6.12224 3.67118 5.86528 3.67118 5.5483ZM4.25093 11.0961C3.93075 11.0961 3.67118 11.3531 3.67118 11.6701C3.67118 11.987 3.93075 12.244 4.25093 12.244H4.63743C4.95762 12.244 5.21719 11.987 5.21719 11.6701C5.21719 11.3531 4.95762 11.0961 4.63743 11.0961H4.25093ZM3.67118 8.60985C3.67118 8.29287 3.93075 8.03591 4.25093 8.03591H4.63743C4.95762 8.03591 5.21719 8.29287 5.21719 8.60985C5.21719 8.92684 4.95762 9.1838 4.63743 9.1838H4.25093C3.93075 9.1838 3.67118 8.92684 3.67118 8.60985ZM4.25093 14.157C3.93075 14.157 3.67118 14.414 3.67118 14.731C3.67118 15.0479 3.93075 15.3049 4.25093 15.3049H4.63743C4.95762 15.3049 5.21719 15.0479 5.21719 14.731C5.21719 14.414 4.95762 14.157 4.63743 14.157H4.25093Z" fill="#EB0203"></path>
                        <path fill-rule="evenodd" clip-rule="evenodd" d="M14.6252 13.6363C13.4918 12.6215 11.7817 12.5264 10.6569 13.4792C9.12421 14.7764 9.34841 16.8912 10.4409 18.0122L14.0159 21.6742C14.2197 21.8832 14.4928 22 14.7822 22C15.0737 22 15.3448 21.8852 15.5486 21.6762L19.1236 18.0142C20.214 16.8933 20.4423 14.7785 18.9075 13.4792C17.7827 12.5283 16.0724 12.6217 14.9391 13.6365C14.8855 13.6845 14.8331 13.7345 14.7822 13.7866C14.7313 13.7345 14.6789 13.6843 14.6252 13.6363ZM18.1546 14.3522C19.0973 15.1508 18.9962 16.4896 18.2891 17.2173C18.2888 17.2175 18.2886 17.2177 18.2884 17.218L14.7832 20.8084L11.2753 17.2151C11.2752 17.215 11.2751 17.2149 11.2749 17.2148C10.5677 16.4887 10.4678 15.1495 11.4104 14.3518L11.4108 14.3514C12.0745 13.7892 13.2018 13.82 13.9488 14.5846L14.7822 15.4378L15.6157 14.5846C16.3617 13.8211 17.4896 13.79 18.1545 14.3521" fill="#EB0203"></path>
                        </svg>
                        <svg class="inactive-content" width="100%" height="100%" viewBox="0 0 20 23" fill="none" xmlns="http://www.w3.org/2000/svg">
                        <path fill-rule="evenodd" clip-rule="evenodd" d="M6.18408 5.77914C6.18408 5.46223 6.44363 5.20532 6.7638 5.20532H12.3678C12.6879 5.20532 12.9475 5.46223 12.9475 5.77914C12.9475 6.09606 12.6879 6.35297 12.3678 6.35297H6.7638C6.44363 6.35297 6.18408 6.09606 6.18408 5.77914Z" fill="#EB0203"></path>
                        <path fill-rule="evenodd" clip-rule="evenodd" d="M6.18408 11.9034C6.18408 11.5865 6.44363 11.3296 6.7638 11.3296H12.3678C12.6879 11.3296 12.9475 11.5865 12.9475 11.9034C12.9475 12.2202 12.6879 12.4771 12.3678 12.4771H6.7638C6.44363 12.4771 6.18408 12.2202 6.18408 11.9034Z" fill="#EB0203"></path>
                        <path fill-rule="evenodd" clip-rule="evenodd" d="M6.18408 8.84116C6.18408 8.52424 6.44363 8.26733 6.7638 8.26733H12.3678C12.6879 8.26733 12.9475 8.52424 12.9475 8.84116C12.9475 9.15807 12.6879 9.41498 12.3678 9.41498H6.7638C6.44363 9.41498 6.18408 9.15807 6.18408 8.84116Z" fill="#EB0203"></path>
                        <path fill-rule="evenodd" clip-rule="evenodd" d="M6.18408 14.9655C6.18408 14.6486 6.44363 14.3917 6.7638 14.3917H10.1455C10.4657 14.3917 10.7252 14.6486 10.7252 14.9655C10.7252 15.2825 10.4657 15.5394 10.1455 15.5394H6.7638C6.44363 15.5394 6.18408 15.2825 6.18408 14.9655Z" fill="#EB0203"></path>
                        <path fill-rule="evenodd" clip-rule="evenodd" d="M3.67139 5.77914C3.67139 5.46223 3.93094 5.20532 4.25111 5.20532H4.63759C4.95776 5.20532 5.21731 5.46223 5.21731 5.77914C5.21731 6.09606 4.95776 6.35297 4.63759 6.35297H4.25111C3.93094 6.35297 3.67139 6.09606 3.67139 5.77914Z" fill="#EB0203"></path>
                        <path fill-rule="evenodd" clip-rule="evenodd" d="M3.67139 11.9034C3.67139 11.5865 3.93094 11.3296 4.25111 11.3296H4.63759C4.95776 11.3296 5.21731 11.5865 5.21731 11.9034C5.21731 12.2202 4.95776 12.4771 4.63759 12.4771H4.25111C3.93094 12.4771 3.67139 12.2202 3.67139 11.9034Z" fill="#EB0203"></path>
                        <path fill-rule="evenodd" clip-rule="evenodd" d="M3.67139 8.84116C3.67139 8.52424 3.93094 8.26733 4.25111 8.26733H4.63759C4.95776 8.26733 5.21731 8.52424 5.21731 8.84116C5.21731 9.15807 4.95776 9.41498 4.63759 9.41498H4.25111C3.93094 9.41498 3.67139 9.15807 3.67139 8.84116Z" fill="#EB0203"></path>
                        <path fill-rule="evenodd" clip-rule="evenodd" d="M3.67139 14.9655C3.67139 14.6486 3.93094 14.3917 4.25111 14.3917H4.63759C4.95776 14.3917 5.21731 14.6486 5.21731 14.9655C5.21731 15.2825 4.95776 15.5394 4.63759 15.5394H4.25111C3.93094 15.5394 3.67139 15.2825 3.67139 14.9655Z" fill="#EB0203"></path>
                        <path fill-rule="evenodd" clip-rule="evenodd" d="M0 1.76033C0 0.914738 0.692131 0.229248 1.54592 0.229248H15.0727C15.9265 0.229248 16.6186 0.914738 16.6186 1.76033V11.2818C16.6186 11.5989 16.3591 11.8559 16.0389 11.8559C15.7187 11.8559 15.4592 11.5989 15.4592 11.2818V1.76033C15.4592 1.54893 15.2862 1.37756 15.0727 1.37756H1.54592C1.33247 1.37756 1.15944 1.54893 1.15944 1.76033V18.985C1.15944 19.1964 1.33247 19.3678 1.54592 19.3678H9.27551C9.59568 19.3678 9.85523 19.6249 9.85523 19.942C9.85523 20.2591 9.59568 20.5161 9.27551 20.5161H1.54592C0.692131 20.5161 0 19.8306 0 18.985V1.76033Z" fill="#EB0203"></path>
                        <path fill-rule="evenodd" clip-rule="evenodd" d="M14.6254 13.8718C13.4921 12.8567 11.7821 12.7615 10.6574 13.7147C9.12472 15.0124 9.34891 17.128 10.4413 18.2493L14.0161 21.9126C14.2199 22.1217 14.493 22.2386 14.7824 22.2386C15.0739 22.2386 15.3449 22.1238 15.5487 21.9147L19.1235 18.2514C20.2139 17.13 20.4422 15.0144 18.9075 13.7147C17.7827 12.7634 16.0726 12.8569 14.9392 13.872C14.8856 13.92 14.8333 13.9701 14.7824 14.0222C14.7314 13.97 14.6791 13.9199 14.6254 13.8718ZM18.1546 14.588C19.0972 15.3869 18.9961 16.7262 18.2891 17.4541C18.2888 17.4543 18.2886 17.4546 18.2884 17.4548L14.7834 21.0466L11.2757 17.452C11.2756 17.4519 11.2755 17.4517 11.2753 17.4516C10.5681 16.7252 10.4682 15.3856 11.4108 14.5876L11.4112 14.5872C12.0748 14.0248 13.202 14.0556 13.949 14.8205L14.7824 15.674L15.6158 14.8205C16.3618 14.0567 17.4896 14.0256 18.1545 14.5879" fill="#EB0203"></path>
                        </svg>
                        </button>
                        </div>
                        </div>
                        <p class="ct-tile--brand">Continente</p>
                        <p class="ct-tile--quantity">emb. 1 lt</p>
                        </div>
                        <div class="ct-tile-bottom row no-gutters justify-content-between">
                        <div class="ct-price-wrap col-8 col-sm-12">
                        <div class="price js-product-price">
                        <div class="prices-wrapper">
                        <span class="sales ct-tile--price-primary ">
                        <span class="value" content="2.39">
                        <span class="ct-price-formatted">
                        €2,39
                        </span>
                        <span class="ct-m-unit">
                        /un
                        </span>
                        </span>
                        </span>
                        <span class="strike-through list ct-tile--price-dashed">
                        <span class="value ct-tile--price-value" content="2.59">
                        <span class="sr-only">
                        Price reduced from
                        </span>
                        €2,59
                        <span class="ct-tile--price-dashed">
                        /un
                        </span>
                        <span class="sr-only">
                        to
                        </span>
                        </span>
                        </span>
                        </div>
                        <div class="ct-tile--price-secondary">
                        <span class="ct-price-value">
                        €2,39
                        </span>
                        <span class="ct-m-unit">
                        /lt
                        </span>
                        </div>
                        <p class="ct-discount-amount ">Desconto Imediato: 7%</p>
                        </div>
                        </div>
                        <div class="ct-tile-buy-section d-flex justify-content-center no-gutters col-auto col-sm-12">
                        <div class="col-2 d-sm-flex d-none">
                        <button class="wishlist-toggler guest-mode inactive button button--tertiary" data-pid="5045342" data-add-url="https://www.continente.pt/on/demandware.store/Sites-continente-Site/default/Wishlist-AddProduct?pid=5045342" data-toggle="tooltip" aria-label="Adicionar aos favoritos " data-original-title="Adicionar aos favoritos" data-placement="top">
                        <svg class="active-content" width="100%" height="100%" viewBox="0 0 20 22" fill="none" xmlns="http://www.w3.org/2000/svg">
                        <path fill-rule="evenodd" clip-rule="evenodd" d="M0 1.53052C0 0.685236 0.692171 0 1.54601 0H15.0736C15.9274 0 16.6196 0.685235 16.6196 1.53052V13.4064L15.8127 13.922L14.2658 14.2658L12.7189 13.4064L10.6054 14.3818C10.4994 14.2451 10.3327 14.157 10.1452 14.157H6.76329C6.4431 14.157 6.18354 14.414 6.18354 14.731C6.18354 15.0479 6.4431 15.3049 6.76329 15.3049H10.1452C10.2478 15.3049 10.3441 15.2785 10.4277 15.2322L10.3126 16.8439L13.2345 20.2793H1.54601C0.69217 20.2793 0 19.5941 0 18.7488V1.53052ZM6.18354 5.5483C6.18354 5.23132 6.4431 4.97436 6.76329 4.97436H12.3676C12.6878 4.97436 12.9473 5.23132 12.9473 5.5483C12.9473 5.86528 12.6878 6.12224 12.3676 6.12224H6.76329C6.4431 6.12224 6.18354 5.86528 6.18354 5.5483ZM6.76329 11.0961C6.4431 11.0961 6.18354 11.3531 6.18354 11.6701C6.18354 11.987 6.4431 12.244 6.76329 12.244H12.3676C12.6878 12.244 12.9473 11.987 12.9473 11.6701C12.9473 11.3531 12.6878 11.0961 12.3676 11.0961H6.76329ZM6.18354 8.60985C6.18354 8.29287 6.4431 8.03591 6.76329 8.03591H12.3676C12.6878 8.03591 12.9473 8.29287 12.9473 8.60985C12.9473 8.92684 12.6878 9.1838 12.3676 9.1838H6.76329C6.4431 9.1838 6.18354 8.92684 6.18354 8.60985ZM3.67118 5.5483C3.67118 5.23132 3.93075 4.97436 4.25093 4.97436H4.63743C4.95762 4.97436 5.21719 5.23132 5.21719 5.5483C5.21719 5.86528 4.95762 6.12224 4.63743 6.12224H4.25093C3.93075 6.12224 3.67118 5.86528 3.67118 5.5483ZM4.25093 11.0961C3.93075 11.0961 3.67118 11.3531 3.67118 11.6701C3.67118 11.987 3.93075 12.244 4.25093 12.244H4.63743C4.95762 12.244 5.21719 11.987 5.21719 11.6701C5.21719 11.3531 4.95762 11.0961 4.63743 11.0961H4.25093ZM3.67118 8.60985C3.67118 8.29287 3.93075 8.03591 4.25093 8.03591H4.63743C4.95762 8.03591 5.21719 8.29287 5.21719 8.60985C5.21719 8.92684 4.95762 9.1838 4.63743 9.1838H4.25093C3.93075 9.1838 3.67118 8.92684 3.67118 8.60985ZM4.25093 14.157C3.93075 14.157 3.67118 14.414 3.67118 14.731C3.67118 15.0479 3.93075 15.3049 4.25093 15.3049H4.63743C4.95762 15.3049 5.21719 15.0479 5.21719 14.731C5.21719 14.414 4.95762 14.157 4.63743 14.157H4.25093Z" fill="#EB0203"></path>
                        <path fill-rule="evenodd" clip-rule="evenodd" d="M14.6252 13.6363C13.4918 12.6215 11.7817 12.5264 10.6569 13.4792C9.12421 14.7764 9.34841 16.8912 10.4409 18.0122L14.0159 21.6742C14.2197 21.8832 14.4928 22 14.7822 22C15.0737 22 15.3448 21.8852 15.5486 21.6762L19.1236 18.0142C20.214 16.8933 20.4423 14.7785 18.9075 13.4792C17.7827 12.5283 16.0724 12.6217 14.9391 13.6365C14.8855 13.6845 14.8331 13.7345 14.7822 13.7866C14.7313 13.7345 14.6789 13.6843 14.6252 13.6363ZM18.1546 14.3522C19.0973 15.1508 18.9962 16.4896 18.2891 17.2173C18.2888 17.2175 18.2886 17.2177 18.2884 17.218L14.7832 20.8084L11.2753 17.2151C11.2752 17.215 11.2751 17.2149 11.2749 17.2148C10.5677 16.4887 10.4678 15.1495 11.4104 14.3518L11.4108 14.3514C12.0745 13.7892 13.2018 13.82 13.9488 14.5846L14.7822 15.4378L15.6157 14.5846C16.3617 13.8211 17.4896 13.79 18.1545 14.3521" fill="#EB0203"></path>
                        </svg>
                        <svg class="inactive-content" width="100%" height="100%" viewBox="0 0 20 23" fill="none" xmlns="http://www.w3.org/2000/svg">
                        <path fill-rule="evenodd" clip-rule="evenodd" d="M6.18408 5.77914C6.18408 5.46223 6.44363 5.20532 6.7638 5.20532H12.3678C12.6879 5.20532 12.9475 5.46223 12.9475 5.77914C12.9475 6.09606 12.6879 6.35297 12.3678 6.35297H6.7638C6.44363 6.35297 6.18408 6.09606 6.18408 5.77914Z" fill="#EB0203"></path>
                        <path fill-rule="evenodd" clip-rule="evenodd" d="M6.18408 11.9034C6.18408 11.5865 6.44363 11.3296 6.7638 11.3296H12.3678C12.6879 11.3296 12.9475 11.5865 12.9475 11.9034C12.9475 12.2202 12.6879 12.4771 12.3678 12.4771H6.7638C6.44363 12.4771 6.18408 12.2202 6.18408 11.9034Z" fill="#EB0203"></path>
                        <path fill-rule="evenodd" clip-rule="evenodd" d="M6.18408 8.84116C6.18408 8.52424 6.44363 8.26733 6.7638 8.26733H12.3678C12.6879 8.26733 12.9475 8.52424 12.9475 8.84116C12.9475 9.15807 12.6879 9.41498 12.3678 9.41498H6.7638C6.44363 9.41498 6.18408 9.15807 6.18408 8.84116Z" fill="#EB0203"></path>
                        <path fill-rule="evenodd" clip-rule="evenodd" d="M6.18408 14.9655C6.18408 14.6486 6.44363 14.3917 6.7638 14.3917H10.1455C10.4657 14.3917 10.7252 14.6486 10.7252 14.9655C10.7252 15.2825 10.4657 15.5394 10.1455 15.5394H6.7638C6.44363 15.5394 6.18408 15.2825 6.18408 14.9655Z" fill="#EB0203"></path>
                        <path fill-rule="evenodd" clip-rule="evenodd" d="M3.67139 5.77914C3.67139 5.46223 3.93094 5.20532 4.25111 5.20532H4.63759C4.95776 5.20532 5.21731 5.46223 5.21731 5.77914C5.21731 6.09606 4.95776 6.35297 4.63759 6.35297H4.25111C3.93094 6.35297 3.67139 6.09606 3.67139 5.77914Z" fill="#EB0203"></path>
                        <path fill-rule="evenodd" clip-rule="evenodd" d="M3.67139 11.9034C3.67139 11.5865 3.93094 11.3296 4.25111 11.3296H4.63759C4.95776 11.3296 5.21731 11.5865 5.21731 11.9034C5.21731 12.2202 4.95776 12.4771 4.63759 12.4771H4.25111C3.93094 12.4771 3.67139 12.2202 3.67139 11.9034Z" fill="#EB0203"></path>
                        <path fill-rule="evenodd" clip-rule="evenodd" d="M3.67139 8.84116C3.67139 8.52424 3.93094 8.26733 4.25111 8.26733H4.63759C4.95776 8.26733 5.21731 8.52424 5.21731 8.84116C5.21731 9.15807 4.95776 9.41498 4.63759 9.41498H4.25111C3.93094 9.41498 3.67139 9.15807 3.67139 8.84116Z" fill="#EB0203"></path>
                        <path fill-rule="evenodd" clip-rule="evenodd" d="M3.67139 14.9655C3.67139 14.6486 3.93094 14.3917 4.25111 14.3917H4.63759C4.95776 14.3917 5.21731 14.6486 5.21731 14.9655C5.21731 15.2825 4.95776 15.5394 4.63759 15.5394H4.25111C3.93094 15.5394 3.67139 15.2825 3.67139 14.9655Z" fill="#EB0203"></path>
                        <path fill-rule="evenodd" clip-rule="evenodd" d="M0 1.76033C0 0.914738 0.692131 0.229248 1.54592 0.229248H15.0727C15.9265 0.229248 16.6186 0.914738 16.6186 1.76033V11.2818C16.6186 11.5989 16.3591 11.8559 16.0389 11.8559C15.7187 11.8559 15.4592 11.5989 15.4592 11.2818V1.76033C15.4592 1.54893 15.2862 1.37756 15.0727 1.37756H1.54592C1.33247 1.37756 1.15944 1.54893 1.15944 1.76033V18.985C1.15944 19.1964 1.33247 19.3678 1.54592 19.3678H9.27551C9.59568 19.3678 9.85523 19.6249 9.85523 19.942C9.85523 20.2591 9.59568 20.5161 9.27551 20.5161H1.54592C0.692131 20.5161 0 19.8306 0 18.985V1.76033Z" fill="#EB0203"></path>
                        <path fill-rule="evenodd" clip-rule="evenodd" d="M14.6254 13.8718C13.4921 12.8567 11.7821 12.7615 10.6574 13.7147C9.12472 15.0124 9.34891 17.128 10.4413 18.2493L14.0161 21.9126C14.2199 22.1217 14.493 22.2386 14.7824 22.2386C15.0739 22.2386 15.3449 22.1238 15.5487 21.9147L19.1235 18.2514C20.2139 17.13 20.4422 15.0144 18.9075 13.7147C17.7827 12.7634 16.0726 12.8569 14.9392 13.872C14.8856 13.92 14.8333 13.9701 14.7824 14.0222C14.7314 13.97 14.6791 13.9199 14.6254 13.8718ZM18.1546 14.588C19.0972 15.3869 18.9961 16.7262 18.2891 17.4541C18.2888 17.4543 18.2886 17.4546 18.2884 17.4548L14.7834 21.0466L11.2757 17.452C11.2756 17.4519 11.2755 17.4517 11.2753 17.4516C10.5681 16.7252 10.4682 15.3856 11.4108 14.5876L11.4112 14.5872C12.0748 14.0248 13.202 14.0556 13.949 14.8205L14.7824 15.674L15.6158 14.8205C16.3618 14.0567 17.4896 14.0256 18.1545 14.5879" fill="#EB0203"></path>
                        </svg>
                        </button>
                        </div>
                        <div class="col-sm-10 col-12">
                        <div class="ct-tile-quantity d-none" data-pid="5045342">
                        <input type="hidden" class="add-to-cart-url" value="https://www.continente.pt/on/demandware.store/Sites-continente-Site/default/Cart-AddProduct">
                        <div class="d-none tile-delete-confirmation-btn" data-pid="5045342" data-delay-time="3000" data-in-cart-msg="no carrinho" data-one-product-added="Adicionado ao carrinho" data-remove-from-cart-msg="Removido do carrinho" data-stay-open="6000.0" data-confirmation-image="{&quot;url&quot;:&quot;https://www.continente.pt/dw/image/v2/BDVS_PRD/on/demandware.static/-/Sites-col-master-catalog/default/dw48a2b1a6/col/504/5045342.jpg?sw=87&amp;sh=80&quot;,&quot;fallbackimage&quot;:{&quot;url&quot;:&quot;https://www.continente.pt/dw/image/v2/BDVS_PRD/on/demandware.static/Sites-continente-Site/-/default/dw7c42b4da/images/noimagelarge_product.png?sw=87&amp;sh=80&quot;,&quot;title&quot;:&quot;Óleo Alimentar&quot;,&quot;alt&quot;:&quot;Óleo Alimentar&quot;},&quot;title&quot;:&quot;Óleo Alimentar&quot;,&quot;alt&quot;:&quot;Óleo Alimentar&quot;}"></div>
                        <div class="ct-tile-quantity-update quantity-update product-qty-vue" data-remove-action="https://www.continente.pt/on/demandware.store/Sites-continente-Site/default/Cart-RemoveProductLineItem" data-action="https://www.continente.pt/on/demandware.store/Sites-continente-Site/default/Cart-UpdateQuantity" data-dimension-update="https://www.continente.pt/on/demandware.store/Sites-continente-Site/default/Cart-DimensionUpdate" data-pid="5045342" data-uuid="3faeba579cd3794066a1ea9b9c" data-add-delay="500.0" data-measure-options="{&quot;hasConversionRate&quot;:false,&quot;hasAlternativeSaleUnit&quot;:false,&quot;unitConversionRate&quot;:0,&quot;minOrderQuantity&quot;:1,&quot;stepQuantity&quot;:1,&quot;primaryunit&quot;:&quot;un&quot;,&quot;secondaryunit&quot;:&quot;lt&quot;,&quot;selectedunit&quot;:&quot;primary&quot;,&quot;maxNumberOfUnitsPerSale&quot;:50}" data-price-available="null" :data-has-error="isMaxQtyReached || isMinQtyReached || qtySelectedMoreThanOne">
                        <template v-show="prodUnits">
                        <div class="quantity-input-wrapper has-units">
                        <label class="visually-hidden" :for="'quantity-' + pid + additionalTag">
                        Quantidade no carrinho
                        </label>
                        <input :ref="'quantityInput-' + pid + additionalTag" class="add-to-cart-quantity form-control ct-form-input text-center" inputmode="numeric" :class="{'is-invalid': isInvalid}" :data-pid="pid + additionalTag" :name="'quantity-' + pid + additionalTag" type="text" aria-label="Insira a quantidade" title="" v-model="displayValue" @change="updateQuantity" @focus="updateQtyFormat" @blur="restoreQtyFormat" :disabled="!isPriceAvailable">
                        <span class="quantity-icon quantity-icon--minus">
                        <button class="decrease-quantity-btn" @click="updateQuantity" :disabled="!isPriceAvailable" role="button" aria-label="Reduzir quantidade">
                        <i class="css-math-minus"></i>
                        </button>
                        </span>
                        <span class="quantity-icon quantity-icon--plus">
                        <button class="increase-quantity-btn" @click="updateQuantity" :disabled="isMaxQtyReached || !isPriceAvailable" role="button" aria-label="Aumentar quantidade">
                        <i class="css-math-plus"></i>
                        </button>
                        <span class="quantity-btn-disabled-placeholder"></span>
                        </span>
                        <template v-if="isPDP">
                        <span class="quantity-error ct-span-error text-sm-center product-max-allocation" v-if="isMaxQtyReached">
                        Quantidade máxima atingida
                        </span>
                        <span class="quantity-error ct-span-product text-sm-center product-allocation" v-if="!isMinQtyReached &amp;&amp; !isMaxQtyReached">
                        {{quantitySelected}} no carrinho
                        </span>
                        <span class="quantity-error ct-span-error text-sm-center product-min-allocation" :data-pid="pid" v-if="isMinQtyReached &amp;&amp; !isMaxQtyReached">
                        Quantidade mínima atingida
                        </span>
                        </template>
                        </div>
                        <template v-if="showNotes">
                        <div class="add-note-link-container ">
                        <div class="add-note">
                        <a href="/produto/oleo-alimentar-continente-5045342.html?showNote=true" class="ct-add-note-redirect-pdp" aria-label="Adicionar comentário">
                        <span class="svg-wrapper svg-icon-notes" style="width:19px; height:20px">
                        <svg class="svg-inline icon-notes" viewBox="0 0 28 30" xmlns="http://www.w3.org/2000/svg" width="100%" height="100%"><path d="M21.738 0C22.985 0 24 1.04 24 2.319V12.47c0 .469-.37.848-.828.848-.457 0-.827-.38-.827-.848V2.32c0-.343-.273-.622-.607-.622H2.262c-.334 0-.607.279-.607.622V27.68c0 .343.273.622.607.622h7.81c.457 0 .827.38.827.849 0 .468-.37.848-.827.848h-7.81C1.015 30 0 28.96 0 27.681V2.32C0 1.04 1.015 0 2.262 0h19.476zm2.844 16.004l.227.007c.823.053 1.589.39 2.176.964.64.627.993 1.46.993 2.349 0 .888-.353 1.722-.993 2.348l-6.83 6.665c-.11.108-.247.186-.397.226l-5.032 1.363c-.078.021-.16.032-.241.032-.242 0-.478-.097-.647-.266-.23-.231-.314-.566-.218-.874l1.49-4.798c.044-.139.122-.266.227-.369l6.844-6.677c.64-.625 1.493-.97 2.401-.97zm-2.886 3.94l-4.922 4.802-.947 3.048 3.22-.872 4.897-4.78-2.248-2.197zm2.887-2.174c-.425 0-.824.162-1.124.455l-.484.472 2.248 2.197.484-.472c.62-.606.62-1.591 0-2.197l-.117-.104c-.283-.227-.636-.35-1.007-.35zm-10.839.022c.498 0 .904.396.904.883 0 .488-.406.884-.904.884H5.946c-.499 0-.904-.396-.904-.884 0-.487.405-.883.904-.883zm5.042-4.876c.498 0 .904.397.904.884s-.406.884-.904.884H5.946c-.499 0-.904-.397-.904-.884s.405-.884.904-.884zm0-4.875c.498 0 .904.396.904.884 0 .487-.406.883-.904.883H5.946c-.499 0-.904-.396-.904-.883 0-.488.405-.884.904-.884z" fill="#EB0203" fill-rule="evenodd"></path></svg>
                        </span>
                        <div class="available-note d-none"></div>
                        </a>
                        </div>
                        </div>
                        </template>
                        <div class="measurement-unit-section" v-if="isPriceAvailable &amp;&amp; prodUnits ? prodUnits.hasAlternativeUnit : false">
                        <div class="ct-form-radio" @click="setDimension">
                        <input type="radio" title="" class="ct-form-check-input product-measurement-unit" :data-type="prodUnits.selectedUnit == prodUnits.secondaryUnit ? 'primary' : ''" :id="prodUnits.secondaryUnit + '-' + pid + '-measurement-unit-ptile' + additionalTag" :name="'measurement-unit-' + pid + '-ptile' + additionalTag" :value="prodUnits.secondaryUnit" v-model="prodUnits.selectedUnit">
                        <label :class="prodUnits.secondaryUnit + '-label ct-form-check-label mb-0'" :for="prodUnits.secondaryUnit + '-' + pid + '-measurement-unit-ptile' + additionalTag">
                        {{prodUnits.secondaryUnit}}
                        </label>
                        <span class="checkmark"></span>
                        </div>
                        <div class="ct-form-radio" @click="setDimension">
                        <input type="radio" title="" class="ct-form-check-input product-measurement-unit" :data-type="prodUnits.selectedUnit == prodUnits.primaryUnit ? 'primary' : ''" :id="prodUnits.primaryUnit + '-' + pid + '-measurement-unit-ptile' + additionalTag" :name="'measurement-unit-' + pid + '-ptile' + additionalTag" :value="prodUnits.primaryUnit" v-model="prodUnits.selectedUnit">
                        <label :class="prodUnits.primaryUnit + '-label ct-form-check-label mb-0'" :for="prodUnits.primaryUnit + '-' + pid + '-measurement-unit-ptile' + additionalTag">
                        {{prodUnits.primaryUnit}}
                        </label>
                        <span class="checkmark"></span>
                        </div>
                        </div>
                        <template v-if="!isPDP &amp;&amp; isPriceAvailable">
                        <span class="quantity-error ct-span-error product-max-allocation" v-if="isMaxQtyReached">
                        Quantidade máxima atingida
                        </span>
                        <span class="quantity-error ct-span-product product-allocation" v-if="!isMinQtyReached &amp;&amp; !isMaxQtyReached">
                        {{quantitySelected}} no carrinho
                        </span>
                        <span class="quantity-error ct-span-error product-min-allocation" :data-pid="pid" v-if="isMinQtyReached &amp;&amp; !isMaxQtyReached">
                        Quantidade mínima atingida
                        </span>
                        </template>
                        </template>
                        </div>
                        <input class="quantity-value-mask d-none" name="quantity" type="number" min="0" value="">
                        </div>
                        <button type="button" class="add-to-cart button js-add-to-cart js-add-to-cart-tile 5045342 button--primary dynamic-layout-btn" data-toggle="modal" data-target="#chooseBonusProductModal" data-pid="5045342" data-quantity-value="null" aria-label="Carrinho">
                        <span class="d-block d-sm-none">
                        <span class="svg-wrapper svg-icon-cart" style="width:20px; height:20px">
                        <svg class="svg-inline icon-cart" xmlns="http://www.w3.org/2000/svg" viewBox="0 0 500 500" width="100%" height="100%"><path fill="#EB0203" fill-rule="evenodd" d="M 485.67317,94.386311 C 476.37798,83.847129 463.09468,78.03348 448.30404,78.03348 H 90.690813 L 87.079511,51.327997 C 83.185582,22.539551 62.962285,0 41.011841,0 H 14.727836 C 6.563151,0 0,6.5286975 0,14.580758 c 0,8.05206 6.5945535,14.580758 14.727836,14.580758 h 26.284005 c 4.710398,0 14.696435,9.855222 16.894619,26.021523 L 100.01739,368.0631 c 1.88416,13.77244 9.01256,26.70549 20.1605,36.37417 8.25889,7.15046 18.02511,11.9071 28.26237,13.89679 -4.17655,7.58572 -6.53175,16.25957 -6.53175,25.493 0,29.53459 24.27424,53.59751 54.13815,53.59751 29.8325,0 54.13814,-24.03184 54.13814,-53.59751 0,-8.79818 -2.19818,-17.09897 -5.9979,-24.43598 h 77.12488 c -3.79973,7.33701 -5.96652,15.6378 -5.96652,24.43598 0,29.53459 24.27424,53.59751 54.13817,53.59751 29.83249,0 54.13814,-24.03184 54.13814,-53.59751 0,-8.79818 -2.1982,-17.09897 -5.9979,-24.43598 h 38.56243 c 8.13328,0 14.72783,-6.5287 14.72783,-14.61183 0,-8.02098 -6.59455,-14.54967 -14.72783,-14.54967 H 159.24277 c -14.38241,0 -28.13677,-11.90711 -30.02092,-26.02153 l -3.07746,-22.88154 h 290.6314 c 14.03698,0 27.94834,-5.28513 39.06488,-14.95381 11.11652,-9.6376 18.27632,-22.57065 20.16048,-36.37417 l 21.10259,-156.78201 c 1.94694,-14.51858 -2.10398,-28.29103 -11.43057,-38.861299 z M 220.76053,443.82706 c 0,13.49265 -11.08513,24.46709 -24.68247,24.46709 -13.62874,0 -24.71387,-10.97444 -24.71387,-24.46709 0,-13.49262 11.08513,-24.43598 24.71387,-24.43598 13.59734,0 24.68247,10.94336 24.68247,24.43598 z m 173.43675,0 c 0,13.49265 -11.08512,24.46709 -24.68245,24.46709 -13.62876,0 -24.71388,-10.97444 -24.71388,-24.46709 0,-13.49262 11.08512,-24.43598 24.71388,-24.43598 13.59733,0 24.68245,10.94336 24.68245,24.43598 z m 73.7648,-314.46558 -21.13397,156.782 c -1.88416,14.11442 -15.63851,26.05261 -30.02091,26.05261 H 122.25046 L 94.616142,107.19499 H 448.33544 c 6.18632,0 11.61896,2.2695 15.23028,6.37326 3.64269,4.13484 5.21283,9.73086 4.39636,15.79323 z"></path></svg>
                        </span>
                        </span>
                        <span class="add-to-cart--text d-none d-sm-block">Carrinho</span>
                        </button>
                        </div>
                        </div>
                        </div>
                        </div>
                        
                        <div class="col-12 d-sm-none">
                        </div>
                        </div>
                        </div>
                        </div>
                        </div>
                        <div class="col-12 col-sm-3 col-lg-2 productTile" data-idx="28">
                        
                        <script type="text/javascript">//<!--
                        /* <![CDATA[ */
                        (function(){
                        try {
                            if(window.CQuotient) {
                            var cq_params = {};
                            
                            cq_params.cookieId = window.CQuotient.getCQCookieId();
                            cq_params.userId = window.CQuotient.getCQUserId();
                            cq_params.emailId = CQuotient.getCQHashedEmail();
                            cq_params.loginId = CQuotient.getCQHashedLogin();
                            cq_params.accumulate = true;
                            cq_params.products = [{
                                id: '7314143',
                                sku: ''
                            }];
                            cq_params.categoryId = 'mercearias';
                            cq_params.refinements = '[{\"name\":\"priceMin\",\"value\":\"0.01\"},{\"name\":\"priceMax\",\"value\":\"null\"},{\"name\":\"curr\",\"value\":\"EUR\"},{\"name\":\"Category\",\"value\":\"mercearias\"}]';
                            cq_params.personalized = 'false';
                            cq_params.sortingRule = 'FOOD_Mercearia';
                            cq_params.imageUUID = '__UNDEFINED__';
                            cq_params.realm = "BDVS";
                            cq_params.siteId = "continente";
                            cq_params.instanceType = "prd";
                            cq_params.queryLocale = "default";
                            cq_params.locale = window.CQuotient.locale;
                            
                            if(window.CQuotient.sendActivity)
                                window.CQuotient.sendActivity(CQuotient.clientId, 'viewCategory', cq_params);
                            else
                                window.CQuotient.activities.push({
                                    activityType: 'viewCategory',
                                    parameters: cq_params
                                });
                          }
                        } catch(err) {}
                        })();
                        /* ]]> */
                        // -->
                        </script>
                        <script type="text/javascript">//<!--
                        /* <![CDATA[ (viewCategoryProduct-active_data.js) */
                        (function(){
                        try {
                            if (dw.ac) {
                                var search_params = {};
                                search_params.persd = 'false';
                                search_params.refs = '[{\"name\":\"priceMin\",\"value\":\"0.01\"},{\"name\":\"priceMax\",\"value\":\"null\"},{\"name\":\"curr\",\"value\":\"EUR\"},{\"name\":\"Category\",\"value\":\"mercearias\"}]';
                                search_params.sort = 'FOOD_Mercearia';
                                search_params.imageUUID = '';
                                search_params.searchID = 'afeeff71-841d-471a-a4b6-1885a5ac2689';
                                search_params.locale = 'default';
                                search_params.queryLocale = 'default';
                                search_params.showProducts = 'true';
                                dw.ac.applyContext({category: "mercearias", searchData: search_params});
                                if (typeof dw.ac._scheduleDataSubmission === "function") {
                                    dw.ac._scheduleDataSubmission();
                                }
                            }
                        } catch(err) {}
                        })();
                        /* ]]> */
                        // -->
                        </script>
                        <script type="text/javascript">//<!--
                        /* <![CDATA[ (viewProduct-active_data.js) */
                        dw.ac._capture({id: "7314143", type: "searchhit"});
                        /* ]]> */
                        // -->
                        </script>
                        <div class="product" data-pid="7314143">
                        <div class="product-tile pid-7314143 ct-product-tile data-layer-pushed" data-delay-time="3000" data-variants-mapping="[]" data-in-cart-msg="no carrinho" data-one-product-added="Adicionado ao carrinho" data-remove-from-cart-msg="Removido do carrinho" data-stay-open="6000.0" data-product-tile-impression="{&quot;name&quot;:&quot;7314143&quot;,&quot;id&quot;:&quot;7314143&quot;,&quot;price&quot;:0.75,&quot;brand&quot;:&quot;Tritão&quot;,&quot;category&quot;:[{&quot;category_level_1&quot;:&quot;Mercearia&quot;},{&quot;category_level_2&quot;:&quot;Conservas&quot;},{&quot;category_level_3&quot;:&quot;Atum&quot;}],&quot;variant&quot;:&quot;&quot;}">
                        <div class="ct-inner-tile-wrap row no-gutters justify-content-center align-content-start">
                        
                        <div class="ct-image-container col-4 col-sm" data-confirmation-image="{&quot;url&quot;:&quot;https://www.continente.pt/dw/image/v2/BDVS_PRD/on/demandware.static/-/Sites-col-master-catalog/default/dwa5cfccd2/images/col/731/7314143-hero.jpg?sw=87&amp;sh=80&quot;,&quot;fallbackimage&quot;:{&quot;url&quot;:&quot;https://www.continente.pt/dw/image/v2/BDVS_PRD/on/demandware.static/Sites-continente-Site/-/default/dw7c42b4da/images/noimagelarge_product.png?sw=87&amp;sh=80&quot;,&quot;title&quot;:&quot;Atum ao Natural&quot;,&quot;alt&quot;:&quot;Atum ao Natural&quot;},&quot;title&quot;:&quot;Atum ao Natural&quot;,&quot;alt&quot;:&quot;Atum ao Natural&quot;}">
                        <a href="https://www.continente.pt/produto/atum-ao-natural-tritao-7314143.html?cgid=mercearias">
                        <picture class="intrinsic intrinsic--square">
                        <img class="ct-tile-image lazyloaded" loading="lazy" onerror="this.onerror=null;this.src='/on/demandware.static/Sites-continente-Site/-/default/dw7c42b4da/images/noimagelarge_product.png';" data-src="https://www.continente.pt/dw/image/v2/BDVS_PRD/on/demandware.static/-/Sites-col-master-catalog/default/dwa5cfccd2/images/col/731/7314143-hero.jpg?sw=280&amp;sh=280" alt="Atum ao Natural" title="Atum ao Natural" src="https://www.continente.pt/dw/image/v2/BDVS_PRD/on/demandware.static/-/Sites-col-master-catalog/default/dwa5cfccd2/images/col/731/7314143-hero.jpg?sw=280&amp;sh=280">
                        </picture>
                        </a>
                        <div class="color-swatches d-flex" style="margin-left: 5px;">
                        <div class="swatches d-flex">
                        </div>
                        </div>
                        </div>
                        <div class="ct-tile-body col col-sm-auto ">
                        <div class="ct-pdp-details">
                        <div class="ct-pdp-link">
                        <a class="ct-tile--description" href="https://www.continente.pt/produto/atum-ao-natural-tritao-7314143.html?cgid=mercearias">Atum ao Natural</a>
                        <div class="ct-tile--favorite-top d-sm-none">
                        <button class="wishlist-toggler guest-mode inactive button button--tertiary" data-pid="7314143" data-add-url="https://www.continente.pt/on/demandware.store/Sites-continente-Site/default/Wishlist-AddProduct?pid=7314143" data-toggle="tooltip" aria-label="Adicionar aos favoritos " data-original-title="Adicionar aos favoritos" data-placement="top">
                        <svg class="active-content" width="100%" height="100%" viewBox="0 0 20 22" fill="none" xmlns="http://www.w3.org/2000/svg">
                        <path fill-rule="evenodd" clip-rule="evenodd" d="M0 1.53052C0 0.685236 0.692171 0 1.54601 0H15.0736C15.9274 0 16.6196 0.685235 16.6196 1.53052V13.4064L15.8127 13.922L14.2658 14.2658L12.7189 13.4064L10.6054 14.3818C10.4994 14.2451 10.3327 14.157 10.1452 14.157H6.76329C6.4431 14.157 6.18354 14.414 6.18354 14.731C6.18354 15.0479 6.4431 15.3049 6.76329 15.3049H10.1452C10.2478 15.3049 10.3441 15.2785 10.4277 15.2322L10.3126 16.8439L13.2345 20.2793H1.54601C0.69217 20.2793 0 19.5941 0 18.7488V1.53052ZM6.18354 5.5483C6.18354 5.23132 6.4431 4.97436 6.76329 4.97436H12.3676C12.6878 4.97436 12.9473 5.23132 12.9473 5.5483C12.9473 5.86528 12.6878 6.12224 12.3676 6.12224H6.76329C6.4431 6.12224 6.18354 5.86528 6.18354 5.5483ZM6.76329 11.0961C6.4431 11.0961 6.18354 11.3531 6.18354 11.6701C6.18354 11.987 6.4431 12.244 6.76329 12.244H12.3676C12.6878 12.244 12.9473 11.987 12.9473 11.6701C12.9473 11.3531 12.6878 11.0961 12.3676 11.0961H6.76329ZM6.18354 8.60985C6.18354 8.29287 6.4431 8.03591 6.76329 8.03591H12.3676C12.6878 8.03591 12.9473 8.29287 12.9473 8.60985C12.9473 8.92684 12.6878 9.1838 12.3676 9.1838H6.76329C6.4431 9.1838 6.18354 8.92684 6.18354 8.60985ZM3.67118 5.5483C3.67118 5.23132 3.93075 4.97436 4.25093 4.97436H4.63743C4.95762 4.97436 5.21719 5.23132 5.21719 5.5483C5.21719 5.86528 4.95762 6.12224 4.63743 6.12224H4.25093C3.93075 6.12224 3.67118 5.86528 3.67118 5.5483ZM4.25093 11.0961C3.93075 11.0961 3.67118 11.3531 3.67118 11.6701C3.67118 11.987 3.93075 12.244 4.25093 12.244H4.63743C4.95762 12.244 5.21719 11.987 5.21719 11.6701C5.21719 11.3531 4.95762 11.0961 4.63743 11.0961H4.25093ZM3.67118 8.60985C3.67118 8.29287 3.93075 8.03591 4.25093 8.03591H4.63743C4.95762 8.03591 5.21719 8.29287 5.21719 8.60985C5.21719 8.92684 4.95762 9.1838 4.63743 9.1838H4.25093C3.93075 9.1838 3.67118 8.92684 3.67118 8.60985ZM4.25093 14.157C3.93075 14.157 3.67118 14.414 3.67118 14.731C3.67118 15.0479 3.93075 15.3049 4.25093 15.3049H4.63743C4.95762 15.3049 5.21719 15.0479 5.21719 14.731C5.21719 14.414 4.95762 14.157 4.63743 14.157H4.25093Z" fill="#EB0203"></path>
                        <path fill-rule="evenodd" clip-rule="evenodd" d="M14.6252 13.6363C13.4918 12.6215 11.7817 12.5264 10.6569 13.4792C9.12421 14.7764 9.34841 16.8912 10.4409 18.0122L14.0159 21.6742C14.2197 21.8832 14.4928 22 14.7822 22C15.0737 22 15.3448 21.8852 15.5486 21.6762L19.1236 18.0142C20.214 16.8933 20.4423 14.7785 18.9075 13.4792C17.7827 12.5283 16.0724 12.6217 14.9391 13.6365C14.8855 13.6845 14.8331 13.7345 14.7822 13.7866C14.7313 13.7345 14.6789 13.6843 14.6252 13.6363ZM18.1546 14.3522C19.0973 15.1508 18.9962 16.4896 18.2891 17.2173C18.2888 17.2175 18.2886 17.2177 18.2884 17.218L14.7832 20.8084L11.2753 17.2151C11.2752 17.215 11.2751 17.2149 11.2749 17.2148C10.5677 16.4887 10.4678 15.1495 11.4104 14.3518L11.4108 14.3514C12.0745 13.7892 13.2018 13.82 13.9488 14.5846L14.7822 15.4378L15.6157 14.5846C16.3617 13.8211 17.4896 13.79 18.1545 14.3521" fill="#EB0203"></path>
                        </svg>
                        <svg class="inactive-content" width="100%" height="100%" viewBox="0 0 20 23" fill="none" xmlns="http://www.w3.org/2000/svg">
                        <path fill-rule="evenodd" clip-rule="evenodd" d="M6.18408 5.77914C6.18408 5.46223 6.44363 5.20532 6.7638 5.20532H12.3678C12.6879 5.20532 12.9475 5.46223 12.9475 5.77914C12.9475 6.09606 12.6879 6.35297 12.3678 6.35297H6.7638C6.44363 6.35297 6.18408 6.09606 6.18408 5.77914Z" fill="#EB0203"></path>
                        <path fill-rule="evenodd" clip-rule="evenodd" d="M6.18408 11.9034C6.18408 11.5865 6.44363 11.3296 6.7638 11.3296H12.3678C12.6879 11.3296 12.9475 11.5865 12.9475 11.9034C12.9475 12.2202 12.6879 12.4771 12.3678 12.4771H6.7638C6.44363 12.4771 6.18408 12.2202 6.18408 11.9034Z" fill="#EB0203"></path>
                        <path fill-rule="evenodd" clip-rule="evenodd" d="M6.18408 8.84116C6.18408 8.52424 6.44363 8.26733 6.7638 8.26733H12.3678C12.6879 8.26733 12.9475 8.52424 12.9475 8.84116C12.9475 9.15807 12.6879 9.41498 12.3678 9.41498H6.7638C6.44363 9.41498 6.18408 9.15807 6.18408 8.84116Z" fill="#EB0203"></path>
                        <path fill-rule="evenodd" clip-rule="evenodd" d="M6.18408 14.9655C6.18408 14.6486 6.44363 14.3917 6.7638 14.3917H10.1455C10.4657 14.3917 10.7252 14.6486 10.7252 14.9655C10.7252 15.2825 10.4657 15.5394 10.1455 15.5394H6.7638C6.44363 15.5394 6.18408 15.2825 6.18408 14.9655Z" fill="#EB0203"></path>
                        <path fill-rule="evenodd" clip-rule="evenodd" d="M3.67139 5.77914C3.67139 5.46223 3.93094 5.20532 4.25111 5.20532H4.63759C4.95776 5.20532 5.21731 5.46223 5.21731 5.77914C5.21731 6.09606 4.95776 6.35297 4.63759 6.35297H4.25111C3.93094 6.35297 3.67139 6.09606 3.67139 5.77914Z" fill="#EB0203"></path>
                        <path fill-rule="evenodd" clip-rule="evenodd" d="M3.67139 11.9034C3.67139 11.5865 3.93094 11.3296 4.25111 11.3296H4.63759C4.95776 11.3296 5.21731 11.5865 5.21731 11.9034C5.21731 12.2202 4.95776 12.4771 4.63759 12.4771H4.25111C3.93094 12.4771 3.67139 12.2202 3.67139 11.9034Z" fill="#EB0203"></path>
                        <path fill-rule="evenodd" clip-rule="evenodd" d="M3.67139 8.84116C3.67139 8.52424 3.93094 8.26733 4.25111 8.26733H4.63759C4.95776 8.26733 5.21731 8.52424 5.21731 8.84116C5.21731 9.15807 4.95776 9.41498 4.63759 9.41498H4.25111C3.93094 9.41498 3.67139 9.15807 3.67139 8.84116Z" fill="#EB0203"></path>
                        <path fill-rule="evenodd" clip-rule="evenodd" d="M3.67139 14.9655C3.67139 14.6486 3.93094 14.3917 4.25111 14.3917H4.63759C4.95776 14.3917 5.21731 14.6486 5.21731 14.9655C5.21731 15.2825 4.95776 15.5394 4.63759 15.5394H4.25111C3.93094 15.5394 3.67139 15.2825 3.67139 14.9655Z" fill="#EB0203"></path>
                        <path fill-rule="evenodd" clip-rule="evenodd" d="M0 1.76033C0 0.914738 0.692131 0.229248 1.54592 0.229248H15.0727C15.9265 0.229248 16.6186 0.914738 16.6186 1.76033V11.2818C16.6186 11.5989 16.3591 11.8559 16.0389 11.8559C15.7187 11.8559 15.4592 11.5989 15.4592 11.2818V1.76033C15.4592 1.54893 15.2862 1.37756 15.0727 1.37756H1.54592C1.33247 1.37756 1.15944 1.54893 1.15944 1.76033V18.985C1.15944 19.1964 1.33247 19.3678 1.54592 19.3678H9.27551C9.59568 19.3678 9.85523 19.6249 9.85523 19.942C9.85523 20.2591 9.59568 20.5161 9.27551 20.5161H1.54592C0.692131 20.5161 0 19.8306 0 18.985V1.76033Z" fill="#EB0203"></path>
                        <path fill-rule="evenodd" clip-rule="evenodd" d="M14.6254 13.8718C13.4921 12.8567 11.7821 12.7615 10.6574 13.7147C9.12472 15.0124 9.34891 17.128 10.4413 18.2493L14.0161 21.9126C14.2199 22.1217 14.493 22.2386 14.7824 22.2386C15.0739 22.2386 15.3449 22.1238 15.5487 21.9147L19.1235 18.2514C20.2139 17.13 20.4422 15.0144 18.9075 13.7147C17.7827 12.7634 16.0726 12.8569 14.9392 13.872C14.8856 13.92 14.8333 13.9701 14.7824 14.0222C14.7314 13.97 14.6791 13.9199 14.6254 13.8718ZM18.1546 14.588C19.0972 15.3869 18.9961 16.7262 18.2891 17.4541C18.2888 17.4543 18.2886 17.4546 18.2884 17.4548L14.7834 21.0466L11.2757 17.452C11.2756 17.4519 11.2755 17.4517 11.2753 17.4516C10.5681 16.7252 10.4682 15.3856 11.4108 14.5876L11.4112 14.5872C12.0748 14.0248 13.202 14.0556 13.949 14.8205L14.7824 15.674L15.6158 14.8205C16.3618 14.0567 17.4896 14.0256 18.1545 14.5879" fill="#EB0203"></path>
                        </svg>
                        </button>
                        </div>
                        </div>
                        <p class="ct-tile--brand">Tritão</p>
                        <p class="ct-tile--quantity">emb. 110 gr (peso escorrido 77 gr)</p>
                        </div>
                        <div class="ct-tile-bottom row no-gutters justify-content-between">
                        <div class="ct-price-wrap col-8 col-sm-12">
                        <div class="price js-product-price">
                        <div class="prices-wrapper">
                        <span class="sales ct-tile--price-primary ">
                        <span class="value" content="0.75">
                        <span class="ct-price-formatted">
                        €0,75
                        </span>
                        <span class="ct-m-unit">
                        /un
                        </span>
                        </span>
                        </span>
                        </div>
                        <div class="ct-tile--price-secondary">
                        <span class="ct-price-value">
                        €9,74
                        </span>
                        <span class="ct-m-unit">
                        /kg
                        </span>
                        </div>
                        </div>
                        </div>
                        <div class="ct-tile-buy-section d-flex justify-content-center no-gutters col-auto col-sm-12">
                        <div class="col-2 d-sm-flex d-none">
                        <button class="wishlist-toggler guest-mode inactive button button--tertiary" data-pid="7314143" data-add-url="https://www.continente.pt/on/demandware.store/Sites-continente-Site/default/Wishlist-AddProduct?pid=7314143" data-toggle="tooltip" aria-label="Adicionar aos favoritos " data-original-title="Adicionar aos favoritos" data-placement="top">
                        <svg class="active-content" width="100%" height="100%" viewBox="0 0 20 22" fill="none" xmlns="http://www.w3.org/2000/svg">
                        <path fill-rule="evenodd" clip-rule="evenodd" d="M0 1.53052C0 0.685236 0.692171 0 1.54601 0H15.0736C15.9274 0 16.6196 0.685235 16.6196 1.53052V13.4064L15.8127 13.922L14.2658 14.2658L12.7189 13.4064L10.6054 14.3818C10.4994 14.2451 10.3327 14.157 10.1452 14.157H6.76329C6.4431 14.157 6.18354 14.414 6.18354 14.731C6.18354 15.0479 6.4431 15.3049 6.76329 15.3049H10.1452C10.2478 15.3049 10.3441 15.2785 10.4277 15.2322L10.3126 16.8439L13.2345 20.2793H1.54601C0.69217 20.2793 0 19.5941 0 18.7488V1.53052ZM6.18354 5.5483C6.18354 5.23132 6.4431 4.97436 6.76329 4.97436H12.3676C12.6878 4.97436 12.9473 5.23132 12.9473 5.5483C12.9473 5.86528 12.6878 6.12224 12.3676 6.12224H6.76329C6.4431 6.12224 6.18354 5.86528 6.18354 5.5483ZM6.76329 11.0961C6.4431 11.0961 6.18354 11.3531 6.18354 11.6701C6.18354 11.987 6.4431 12.244 6.76329 12.244H12.3676C12.6878 12.244 12.9473 11.987 12.9473 11.6701C12.9473 11.3531 12.6878 11.0961 12.3676 11.0961H6.76329ZM6.18354 8.60985C6.18354 8.29287 6.4431 8.03591 6.76329 8.03591H12.3676C12.6878 8.03591 12.9473 8.29287 12.9473 8.60985C12.9473 8.92684 12.6878 9.1838 12.3676 9.1838H6.76329C6.4431 9.1838 6.18354 8.92684 6.18354 8.60985ZM3.67118 5.5483C3.67118 5.23132 3.93075 4.97436 4.25093 4.97436H4.63743C4.95762 4.97436 5.21719 5.23132 5.21719 5.5483C5.21719 5.86528 4.95762 6.12224 4.63743 6.12224H4.25093C3.93075 6.12224 3.67118 5.86528 3.67118 5.5483ZM4.25093 11.0961C3.93075 11.0961 3.67118 11.3531 3.67118 11.6701C3.67118 11.987 3.93075 12.244 4.25093 12.244H4.63743C4.95762 12.244 5.21719 11.987 5.21719 11.6701C5.21719 11.3531 4.95762 11.0961 4.63743 11.0961H4.25093ZM3.67118 8.60985C3.67118 8.29287 3.93075 8.03591 4.25093 8.03591H4.63743C4.95762 8.03591 5.21719 8.29287 5.21719 8.60985C5.21719 8.92684 4.95762 9.1838 4.63743 9.1838H4.25093C3.93075 9.1838 3.67118 8.92684 3.67118 8.60985ZM4.25093 14.157C3.93075 14.157 3.67118 14.414 3.67118 14.731C3.67118 15.0479 3.93075 15.3049 4.25093 15.3049H4.63743C4.95762 15.3049 5.21719 15.0479 5.21719 14.731C5.21719 14.414 4.95762 14.157 4.63743 14.157H4.25093Z" fill="#EB0203"></path>
                        <path fill-rule="evenodd" clip-rule="evenodd" d="M14.6252 13.6363C13.4918 12.6215 11.7817 12.5264 10.6569 13.4792C9.12421 14.7764 9.34841 16.8912 10.4409 18.0122L14.0159 21.6742C14.2197 21.8832 14.4928 22 14.7822 22C15.0737 22 15.3448 21.8852 15.5486 21.6762L19.1236 18.0142C20.214 16.8933 20.4423 14.7785 18.9075 13.4792C17.7827 12.5283 16.0724 12.6217 14.9391 13.6365C14.8855 13.6845 14.8331 13.7345 14.7822 13.7866C14.7313 13.7345 14.6789 13.6843 14.6252 13.6363ZM18.1546 14.3522C19.0973 15.1508 18.9962 16.4896 18.2891 17.2173C18.2888 17.2175 18.2886 17.2177 18.2884 17.218L14.7832 20.8084L11.2753 17.2151C11.2752 17.215 11.2751 17.2149 11.2749 17.2148C10.5677 16.4887 10.4678 15.1495 11.4104 14.3518L11.4108 14.3514C12.0745 13.7892 13.2018 13.82 13.9488 14.5846L14.7822 15.4378L15.6157 14.5846C16.3617 13.8211 17.4896 13.79 18.1545 14.3521" fill="#EB0203"></path>
                        </svg>
                        <svg class="inactive-content" width="100%" height="100%" viewBox="0 0 20 23" fill="none" xmlns="http://www.w3.org/2000/svg">
                        <path fill-rule="evenodd" clip-rule="evenodd" d="M6.18408 5.77914C6.18408 5.46223 6.44363 5.20532 6.7638 5.20532H12.3678C12.6879 5.20532 12.9475 5.46223 12.9475 5.77914C12.9475 6.09606 12.6879 6.35297 12.3678 6.35297H6.7638C6.44363 6.35297 6.18408 6.09606 6.18408 5.77914Z" fill="#EB0203"></path>
                        <path fill-rule="evenodd" clip-rule="evenodd" d="M6.18408 11.9034C6.18408 11.5865 6.44363 11.3296 6.7638 11.3296H12.3678C12.6879 11.3296 12.9475 11.5865 12.9475 11.9034C12.9475 12.2202 12.6879 12.4771 12.3678 12.4771H6.7638C6.44363 12.4771 6.18408 12.2202 6.18408 11.9034Z" fill="#EB0203"></path>
                        <path fill-rule="evenodd" clip-rule="evenodd" d="M6.18408 8.84116C6.18408 8.52424 6.44363 8.26733 6.7638 8.26733H12.3678C12.6879 8.26733 12.9475 8.52424 12.9475 8.84116C12.9475 9.15807 12.6879 9.41498 12.3678 9.41498H6.7638C6.44363 9.41498 6.18408 9.15807 6.18408 8.84116Z" fill="#EB0203"></path>
                        <path fill-rule="evenodd" clip-rule="evenodd" d="M6.18408 14.9655C6.18408 14.6486 6.44363 14.3917 6.7638 14.3917H10.1455C10.4657 14.3917 10.7252 14.6486 10.7252 14.9655C10.7252 15.2825 10.4657 15.5394 10.1455 15.5394H6.7638C6.44363 15.5394 6.18408 15.2825 6.18408 14.9655Z" fill="#EB0203"></path>
                        <path fill-rule="evenodd" clip-rule="evenodd" d="M3.67139 5.77914C3.67139 5.46223 3.93094 5.20532 4.25111 5.20532H4.63759C4.95776 5.20532 5.21731 5.46223 5.21731 5.77914C5.21731 6.09606 4.95776 6.35297 4.63759 6.35297H4.25111C3.93094 6.35297 3.67139 6.09606 3.67139 5.77914Z" fill="#EB0203"></path>
                        <path fill-rule="evenodd" clip-rule="evenodd" d="M3.67139 11.9034C3.67139 11.5865 3.93094 11.3296 4.25111 11.3296H4.63759C4.95776 11.3296 5.21731 11.5865 5.21731 11.9034C5.21731 12.2202 4.95776 12.4771 4.63759 12.4771H4.25111C3.93094 12.4771 3.67139 12.2202 3.67139 11.9034Z" fill="#EB0203"></path>
                        <path fill-rule="evenodd" clip-rule="evenodd" d="M3.67139 8.84116C3.67139 8.52424 3.93094 8.26733 4.25111 8.26733H4.63759C4.95776 8.26733 5.21731 8.52424 5.21731 8.84116C5.21731 9.15807 4.95776 9.41498 4.63759 9.41498H4.25111C3.93094 9.41498 3.67139 9.15807 3.67139 8.84116Z" fill="#EB0203"></path>
                        <path fill-rule="evenodd" clip-rule="evenodd" d="M3.67139 14.9655C3.67139 14.6486 3.93094 14.3917 4.25111 14.3917H4.63759C4.95776 14.3917 5.21731 14.6486 5.21731 14.9655C5.21731 15.2825 4.95776 15.5394 4.63759 15.5394H4.25111C3.93094 15.5394 3.67139 15.2825 3.67139 14.9655Z" fill="#EB0203"></path>
                        <path fill-rule="evenodd" clip-rule="evenodd" d="M0 1.76033C0 0.914738 0.692131 0.229248 1.54592 0.229248H15.0727C15.9265 0.229248 16.6186 0.914738 16.6186 1.76033V11.2818C16.6186 11.5989 16.3591 11.8559 16.0389 11.8559C15.7187 11.8559 15.4592 11.5989 15.4592 11.2818V1.76033C15.4592 1.54893 15.2862 1.37756 15.0727 1.37756H1.54592C1.33247 1.37756 1.15944 1.54893 1.15944 1.76033V18.985C1.15944 19.1964 1.33247 19.3678 1.54592 19.3678H9.27551C9.59568 19.3678 9.85523 19.6249 9.85523 19.942C9.85523 20.2591 9.59568 20.5161 9.27551 20.5161H1.54592C0.692131 20.5161 0 19.8306 0 18.985V1.76033Z" fill="#EB0203"></path>
                        <path fill-rule="evenodd" clip-rule="evenodd" d="M14.6254 13.8718C13.4921 12.8567 11.7821 12.7615 10.6574 13.7147C9.12472 15.0124 9.34891 17.128 10.4413 18.2493L14.0161 21.9126C14.2199 22.1217 14.493 22.2386 14.7824 22.2386C15.0739 22.2386 15.3449 22.1238 15.5487 21.9147L19.1235 18.2514C20.2139 17.13 20.4422 15.0144 18.9075 13.7147C17.7827 12.7634 16.0726 12.8569 14.9392 13.872C14.8856 13.92 14.8333 13.9701 14.7824 14.0222C14.7314 13.97 14.6791 13.9199 14.6254 13.8718ZM18.1546 14.588C19.0972 15.3869 18.9961 16.7262 18.2891 17.4541C18.2888 17.4543 18.2886 17.4546 18.2884 17.4548L14.7834 21.0466L11.2757 17.452C11.2756 17.4519 11.2755 17.4517 11.2753 17.4516C10.5681 16.7252 10.4682 15.3856 11.4108 14.5876L11.4112 14.5872C12.0748 14.0248 13.202 14.0556 13.949 14.8205L14.7824 15.674L15.6158 14.8205C16.3618 14.0567 17.4896 14.0256 18.1545 14.5879" fill="#EB0203"></path>
                        </svg>
                        </button>
                        </div>
                        <div class="col-sm-10 col-12">
                        <div class="ct-tile-quantity d-none" data-pid="7314143">
                        <input type="hidden" class="add-to-cart-url" value="https://www.continente.pt/on/demandware.store/Sites-continente-Site/default/Cart-AddProduct">
                        <div class="d-none tile-delete-confirmation-btn" data-pid="7314143" data-delay-time="3000" data-in-cart-msg="no carrinho" data-one-product-added="Adicionado ao carrinho" data-remove-from-cart-msg="Removido do carrinho" data-stay-open="6000.0" data-confirmation-image="{&quot;url&quot;:&quot;https://www.continente.pt/dw/image/v2/BDVS_PRD/on/demandware.static/-/Sites-col-master-catalog/default/dwa5cfccd2/images/col/731/7314143-hero.jpg?sw=87&amp;sh=80&quot;,&quot;fallbackimage&quot;:{&quot;url&quot;:&quot;https://www.continente.pt/dw/image/v2/BDVS_PRD/on/demandware.static/Sites-continente-Site/-/default/dw7c42b4da/images/noimagelarge_product.png?sw=87&amp;sh=80&quot;,&quot;title&quot;:&quot;Atum ao Natural&quot;,&quot;alt&quot;:&quot;Atum ao Natural&quot;},&quot;title&quot;:&quot;Atum ao Natural&quot;,&quot;alt&quot;:&quot;Atum ao Natural&quot;}"></div>
                        <div class="ct-tile-quantity-update quantity-update product-qty-vue" data-remove-action="https://www.continente.pt/on/demandware.store/Sites-continente-Site/default/Cart-RemoveProductLineItem" data-action="https://www.continente.pt/on/demandware.store/Sites-continente-Site/default/Cart-UpdateQuantity" data-dimension-update="https://www.continente.pt/on/demandware.store/Sites-continente-Site/default/Cart-DimensionUpdate" data-pid="7314143" data-uuid="f98acdd03649bbc85e2249fc00" data-add-delay="500.0" data-measure-options="{&quot;hasConversionRate&quot;:false,&quot;hasAlternativeSaleUnit&quot;:false,&quot;unitConversionRate&quot;:null,&quot;minOrderQuantity&quot;:1,&quot;stepQuantity&quot;:1,&quot;primaryunit&quot;:&quot;un&quot;,&quot;secondaryunit&quot;:&quot;kg&quot;,&quot;selectedunit&quot;:&quot;primary&quot;,&quot;maxNumberOfUnitsPerSale&quot;:50}" data-price-available="null" :data-has-error="isMaxQtyReached || isMinQtyReached || qtySelectedMoreThanOne">
                        <template v-show="prodUnits">
                        <div class="quantity-input-wrapper has-units">
                        <label class="visually-hidden" :for="'quantity-' + pid + additionalTag">
                        Quantidade no carrinho
                        </label>
                        <input :ref="'quantityInput-' + pid + additionalTag" class="add-to-cart-quantity form-control ct-form-input text-center" inputmode="numeric" :class="{'is-invalid': isInvalid}" :data-pid="pid + additionalTag" :name="'quantity-' + pid + additionalTag" type="text" aria-label="Insira a quantidade" title="" v-model="displayValue" @change="updateQuantity" @focus="updateQtyFormat" @blur="restoreQtyFormat" :disabled="!isPriceAvailable">
                        <span class="quantity-icon quantity-icon--minus">
                        <button class="decrease-quantity-btn" @click="updateQuantity" :disabled="!isPriceAvailable" role="button" aria-label="Reduzir quantidade">
                        <i class="css-math-minus"></i>
                        </button>
                        </span>
                        <span class="quantity-icon quantity-icon--plus">
                        <button class="increase-quantity-btn" @click="updateQuantity" :disabled="isMaxQtyReached || !isPriceAvailable" role="button" aria-label="Aumentar quantidade">
                        <i class="css-math-plus"></i>
                        </button>
                        <span class="quantity-btn-disabled-placeholder"></span>
                        </span>
                        <template v-if="isPDP">
                        <span class="quantity-error ct-span-error text-sm-center product-max-allocation" v-if="isMaxQtyReached">
                        Quantidade máxima atingida
                        </span>
                        <span class="quantity-error ct-span-product text-sm-center product-allocation" v-if="!isMinQtyReached &amp;&amp; !isMaxQtyReached">
                        {{quantitySelected}} no carrinho
                        </span>
                        <span class="quantity-error ct-span-error text-sm-center product-min-allocation" :data-pid="pid" v-if="isMinQtyReached &amp;&amp; !isMaxQtyReached">
                        Quantidade mínima atingida
                        </span>
                        </template>
                        </div>
                        <template v-if="showNotes">
                        <div class="add-note-link-container ">
                        <div class="add-note">
                        <a href="/produto/atum-ao-natural-tritao-7314143.html?showNote=true" class="ct-add-note-redirect-pdp" aria-label="Adicionar comentário">
                        <span class="svg-wrapper svg-icon-notes" style="width:19px; height:20px">
                        <svg class="svg-inline icon-notes" viewBox="0 0 28 30" xmlns="http://www.w3.org/2000/svg" width="100%" height="100%"><path d="M21.738 0C22.985 0 24 1.04 24 2.319V12.47c0 .469-.37.848-.828.848-.457 0-.827-.38-.827-.848V2.32c0-.343-.273-.622-.607-.622H2.262c-.334 0-.607.279-.607.622V27.68c0 .343.273.622.607.622h7.81c.457 0 .827.38.827.849 0 .468-.37.848-.827.848h-7.81C1.015 30 0 28.96 0 27.681V2.32C0 1.04 1.015 0 2.262 0h19.476zm2.844 16.004l.227.007c.823.053 1.589.39 2.176.964.64.627.993 1.46.993 2.349 0 .888-.353 1.722-.993 2.348l-6.83 6.665c-.11.108-.247.186-.397.226l-5.032 1.363c-.078.021-.16.032-.241.032-.242 0-.478-.097-.647-.266-.23-.231-.314-.566-.218-.874l1.49-4.798c.044-.139.122-.266.227-.369l6.844-6.677c.64-.625 1.493-.97 2.401-.97zm-2.886 3.94l-4.922 4.802-.947 3.048 3.22-.872 4.897-4.78-2.248-2.197zm2.887-2.174c-.425 0-.824.162-1.124.455l-.484.472 2.248 2.197.484-.472c.62-.606.62-1.591 0-2.197l-.117-.104c-.283-.227-.636-.35-1.007-.35zm-10.839.022c.498 0 .904.396.904.883 0 .488-.406.884-.904.884H5.946c-.499 0-.904-.396-.904-.884 0-.487.405-.883.904-.883zm5.042-4.876c.498 0 .904.397.904.884s-.406.884-.904.884H5.946c-.499 0-.904-.397-.904-.884s.405-.884.904-.884zm0-4.875c.498 0 .904.396.904.884 0 .487-.406.883-.904.883H5.946c-.499 0-.904-.396-.904-.883 0-.488.405-.884.904-.884z" fill="#EB0203" fill-rule="evenodd"></path></svg>
                        </span>
                        <div class="available-note d-none"></div>
                        </a>
                        </div>
                        </div>
                        </template>
                        <div class="measurement-unit-section" v-if="isPriceAvailable &amp;&amp; prodUnits ? prodUnits.hasAlternativeUnit : false">
                        <div class="ct-form-radio" @click="setDimension">
                        <input type="radio" title="" class="ct-form-check-input product-measurement-unit" :data-type="prodUnits.selectedUnit == prodUnits.secondaryUnit ? 'primary' : ''" :id="prodUnits.secondaryUnit + '-' + pid + '-measurement-unit-ptile' + additionalTag" :name="'measurement-unit-' + pid + '-ptile' + additionalTag" :value="prodUnits.secondaryUnit" v-model="prodUnits.selectedUnit">
                        <label :class="prodUnits.secondaryUnit + '-label ct-form-check-label mb-0'" :for="prodUnits.secondaryUnit + '-' + pid + '-measurement-unit-ptile' + additionalTag">
                        {{prodUnits.secondaryUnit}}
                        </label>
                        <span class="checkmark"></span>
                        </div>
                        <div class="ct-form-radio" @click="setDimension">
                        <input type="radio" title="" class="ct-form-check-input product-measurement-unit" :data-type="prodUnits.selectedUnit == prodUnits.primaryUnit ? 'primary' : ''" :id="prodUnits.primaryUnit + '-' + pid + '-measurement-unit-ptile' + additionalTag" :name="'measurement-unit-' + pid + '-ptile' + additionalTag" :value="prodUnits.primaryUnit" v-model="prodUnits.selectedUnit">
                        <label :class="prodUnits.primaryUnit + '-label ct-form-check-label mb-0'" :for="prodUnits.primaryUnit + '-' + pid + '-measurement-unit-ptile' + additionalTag">
                        {{prodUnits.primaryUnit}}
                        </label>
                        <span class="checkmark"></span>
                        </div>
                        </div>
                        <template v-if="!isPDP &amp;&amp; isPriceAvailable">
                        <span class="quantity-error ct-span-error product-max-allocation" v-if="isMaxQtyReached">
                        Quantidade máxima atingida
                        </span>
                        <span class="quantity-error ct-span-product product-allocation" v-if="!isMinQtyReached &amp;&amp; !isMaxQtyReached">
                        {{quantitySelected}} no carrinho
                        </span>
                        <span class="quantity-error ct-span-error product-min-allocation" :data-pid="pid" v-if="isMinQtyReached &amp;&amp; !isMaxQtyReached">
                        Quantidade mínima atingida
                        </span>
                        </template>
                        </template>
                        </div>
                        <input class="quantity-value-mask d-none" name="quantity" type="number" min="0" value="">
                        </div>
                        <button type="button" class="add-to-cart button js-add-to-cart js-add-to-cart-tile 7314143 button--primary dynamic-layout-btn" data-toggle="modal" data-target="#chooseBonusProductModal" data-pid="7314143" data-quantity-value="null" aria-label="Carrinho">
                        <span class="d-block d-sm-none">
                        <span class="svg-wrapper svg-icon-cart" style="width:20px; height:20px">
                        <svg class="svg-inline icon-cart" xmlns="http://www.w3.org/2000/svg" viewBox="0 0 500 500" width="100%" height="100%"><path fill="#EB0203" fill-rule="evenodd" d="M 485.67317,94.386311 C 476.37798,83.847129 463.09468,78.03348 448.30404,78.03348 H 90.690813 L 87.079511,51.327997 C 83.185582,22.539551 62.962285,0 41.011841,0 H 14.727836 C 6.563151,0 0,6.5286975 0,14.580758 c 0,8.05206 6.5945535,14.580758 14.727836,14.580758 h 26.284005 c 4.710398,0 14.696435,9.855222 16.894619,26.021523 L 100.01739,368.0631 c 1.88416,13.77244 9.01256,26.70549 20.1605,36.37417 8.25889,7.15046 18.02511,11.9071 28.26237,13.89679 -4.17655,7.58572 -6.53175,16.25957 -6.53175,25.493 0,29.53459 24.27424,53.59751 54.13815,53.59751 29.8325,0 54.13814,-24.03184 54.13814,-53.59751 0,-8.79818 -2.19818,-17.09897 -5.9979,-24.43598 h 77.12488 c -3.79973,7.33701 -5.96652,15.6378 -5.96652,24.43598 0,29.53459 24.27424,53.59751 54.13817,53.59751 29.83249,0 54.13814,-24.03184 54.13814,-53.59751 0,-8.79818 -2.1982,-17.09897 -5.9979,-24.43598 h 38.56243 c 8.13328,0 14.72783,-6.5287 14.72783,-14.61183 0,-8.02098 -6.59455,-14.54967 -14.72783,-14.54967 H 159.24277 c -14.38241,0 -28.13677,-11.90711 -30.02092,-26.02153 l -3.07746,-22.88154 h 290.6314 c 14.03698,0 27.94834,-5.28513 39.06488,-14.95381 11.11652,-9.6376 18.27632,-22.57065 20.16048,-36.37417 l 21.10259,-156.78201 c 1.94694,-14.51858 -2.10398,-28.29103 -11.43057,-38.861299 z M 220.76053,443.82706 c 0,13.49265 -11.08513,24.46709 -24.68247,24.46709 -13.62874,0 -24.71387,-10.97444 -24.71387,-24.46709 0,-13.49262 11.08513,-24.43598 24.71387,-24.43598 13.59734,0 24.68247,10.94336 24.68247,24.43598 z m 173.43675,0 c 0,13.49265 -11.08512,24.46709 -24.68245,24.46709 -13.62876,0 -24.71388,-10.97444 -24.71388,-24.46709 0,-13.49262 11.08512,-24.43598 24.71388,-24.43598 13.59733,0 24.68245,10.94336 24.68245,24.43598 z m 73.7648,-314.46558 -21.13397,156.782 c -1.88416,14.11442 -15.63851,26.05261 -30.02091,26.05261 H 122.25046 L 94.616142,107.19499 H 448.33544 c 6.18632,0 11.61896,2.2695 15.23028,6.37326 3.64269,4.13484 5.21283,9.73086 4.39636,15.79323 z"></path></svg>
                        </span>
                        </span>
                        <span class="add-to-cart--text d-none d-sm-block">Carrinho</span>
                        </button>
                        </div>
                        </div>
                        </div>
                        </div>
                        
                        <div class="col-12 d-sm-none">
                        </div>
                        </div>
                        </div>
                        </div>
                        </div>
                        <div class="col-12 col-sm-3 col-lg-2 productTile" data-idx="29">
                        
                        <script type="text/javascript">//<!--
                        /* <![CDATA[ */
                        (function(){
                        try {
                            if(window.CQuotient) {
                            var cq_params = {};
                            
                            cq_params.cookieId = window.CQuotient.getCQCookieId();
                            cq_params.userId = window.CQuotient.getCQUserId();
                            cq_params.emailId = CQuotient.getCQHashedEmail();
                            cq_params.loginId = CQuotient.getCQHashedLogin();
                            cq_params.accumulate = true;
                            cq_params.products = [{
                                id: '7099734',
                                sku: ''
                            }];
                            cq_params.categoryId = 'mercearias';
                            cq_params.refinements = '[{\"name\":\"priceMin\",\"value\":\"0.01\"},{\"name\":\"priceMax\",\"value\":\"null\"},{\"name\":\"curr\",\"value\":\"EUR\"},{\"name\":\"Category\",\"value\":\"mercearias\"}]';
                            cq_params.personalized = 'false';
                            cq_params.sortingRule = 'FOOD_Mercearia';
                            cq_params.imageUUID = '__UNDEFINED__';
                            cq_params.realm = "BDVS";
                            cq_params.siteId = "continente";
                            cq_params.instanceType = "prd";
                            cq_params.queryLocale = "default";
                            cq_params.locale = window.CQuotient.locale;
                            
                            if(window.CQuotient.sendActivity)
                                window.CQuotient.sendActivity(CQuotient.clientId, 'viewCategory', cq_params);
                            else
                                window.CQuotient.activities.push({
                                    activityType: 'viewCategory',
                                    parameters: cq_params
                                });
                          }
                        } catch(err) {}
                        })();
                        /* ]]> */
                        // -->
                        </script>
                        <script type="text/javascript">//<!--
                        /* <![CDATA[ (viewCategoryProduct-active_data.js) */
                        (function(){
                        try {
                            if (dw.ac) {
                                var search_params = {};
                                search_params.persd = 'false';
                                search_params.refs = '[{\"name\":\"priceMin\",\"value\":\"0.01\"},{\"name\":\"priceMax\",\"value\":\"null\"},{\"name\":\"curr\",\"value\":\"EUR\"},{\"name\":\"Category\",\"value\":\"mercearias\"}]';
                                search_params.sort = 'FOOD_Mercearia';
                                search_params.imageUUID = '';
                                search_params.searchID = 'afeeff71-841d-471a-a4b6-1885a5ac2689';
                                search_params.locale = 'default';
                                search_params.queryLocale = 'default';
                                search_params.showProducts = 'true';
                                dw.ac.applyContext({category: "mercearias", searchData: search_params});
                                if (typeof dw.ac._scheduleDataSubmission === "function") {
                                    dw.ac._scheduleDataSubmission();
                                }
                            }
                        } catch(err) {}
                        })();
                        /* ]]> */
                        // -->
                        </script>
                        <script type="text/javascript">//<!--
                        /* <![CDATA[ (viewProduct-active_data.js) */
                        dw.ac._capture({id: "7099734", type: "searchhit"});
                        /* ]]> */
                        // -->
                        </script>
                        <div class="product" data-pid="7099734">
                        <div class="product-tile pid-7099734 ct-product-tile data-layer-pushed" data-delay-time="3000" data-variants-mapping="[]" data-in-cart-msg="no carrinho" data-one-product-added="Adicionado ao carrinho" data-remove-from-cart-msg="Removido do carrinho" data-stay-open="6000.0" data-product-tile-impression="{&quot;name&quot;:&quot;7099734&quot;,&quot;id&quot;:&quot;7099734&quot;,&quot;price&quot;:4.29,&quot;brand&quot;:&quot;Oliveira da Serra&quot;,&quot;category&quot;:[{&quot;category_level_1&quot;:&quot;Mercearia&quot;},{&quot;category_level_2&quot;:&quot;Azeite, Óleo e Vinagre&quot;},{&quot;category_level_3&quot;:&quot;Azeite&quot;}],&quot;variant&quot;:&quot;&quot;}">
                        <div class="ct-inner-tile-wrap row no-gutters justify-content-center align-content-start">
                        <div class="ct-product-tile-badge ct-product-tile-badge--promotional">
                        <img class="img-fluid lazyloaded" loading="lazy" data-src="https://www.continente.pt/dw/image/v2/BDVS_PRD/on/demandware.static/-/Sites-continente-Library/default/dwf5980f2e/images/badges/pvpr/col/pvpr.png?sw=60&amp;sh=42" alt="PVP Recomendado: €8,58/un" title="PVP Recomendado: €8,58/un" src="https://www.continente.pt/dw/image/v2/BDVS_PRD/on/demandware.static/-/Sites-continente-Library/default/dwf5980f2e/images/badges/pvpr/col/pvpr.png?sw=60&amp;sh=42">
                        <div class="ct-product-tile-badge-value-wrapper ct-product-tile-badge-value-wrapper--pvpr  ">
                        <span class="ct-product-tile-badge-value--pvpr">
                        50
                        </span>
                        <span class="ct-product-tile-badge-value--pvpr-quantifier ">
                        %
                        </span>
                        </div>
                        </div>
                        
                        <div class="ct-image-container col-4 col-sm" data-confirmation-image="{&quot;url&quot;:&quot;https://www.continente.pt/dw/image/v2/BDVS_PRD/on/demandware.static/-/Sites-col-master-catalog/default/dwe2dd947b/images/col/709/7099734-frente.jpg?sw=87&amp;sh=80&quot;,&quot;fallbackimage&quot;:{&quot;url&quot;:&quot;https://www.continente.pt/dw/image/v2/BDVS_PRD/on/demandware.static/Sites-continente-Site/-/default/dw7c42b4da/images/noimagelarge_product.png?sw=87&amp;sh=80&quot;,&quot;title&quot;:&quot;Azeite Virgem Extra Selecionado Pet&quot;,&quot;alt&quot;:&quot;Azeite Virgem Extra Selecionado Pet&quot;},&quot;title&quot;:&quot;Azeite Virgem Extra Selecionado Pet&quot;,&quot;alt&quot;:&quot;Azeite Virgem Extra Selecionado Pet&quot;}">
                        <a href="https://www.continente.pt/produto/azeite-virgem-extra-selecionado-pet-oliveira-da-serra-7099734.html?cgid=mercearias">
                        <picture class="intrinsic intrinsic--square">
                        <img class="ct-tile-image lazyloaded" loading="lazy" onerror="this.onerror=null;this.src='/on/demandware.static/Sites-continente-Site/-/default/dw7c42b4da/images/noimagelarge_product.png';" data-src="https://www.continente.pt/dw/image/v2/BDVS_PRD/on/demandware.static/-/Sites-col-master-catalog/default/dwe2dd947b/images/col/709/7099734-frente.jpg?sw=280&amp;sh=280" alt="Azeite Virgem Extra Selecionado Pet" title="Azeite Virgem Extra Selecionado Pet" src="https://www.continente.pt/dw/image/v2/BDVS_PRD/on/demandware.static/-/Sites-col-master-catalog/default/dwe2dd947b/images/col/709/7099734-frente.jpg?sw=280&amp;sh=280">
                        </picture>
                        </a>
                        <div class="color-swatches d-flex" style="margin-left: 5px;">
                        <div class="swatches d-flex">
                        </div>
                        </div>
                        </div>
                        <div class="ct-tile-body col col-sm-auto ">
                        <div class="ct-pdp-details">
                        <div class="ct-pdp-link">
                        <a class="ct-tile--description" href="https://www.continente.pt/produto/azeite-virgem-extra-selecionado-pet-oliveira-da-serra-7099734.html?cgid=mercearias">Azeite Virgem Extra Selecionado Pet</a>
                        <div class="ct-tile--favorite-top d-sm-none">
                        <button class="wishlist-toggler guest-mode inactive button button--tertiary" data-pid="7099734" data-add-url="https://www.continente.pt/on/demandware.store/Sites-continente-Site/default/Wishlist-AddProduct?pid=7099734" data-toggle="tooltip" aria-label="Adicionar aos favoritos " data-original-title="Adicionar aos favoritos" data-placement="top">
                        <svg class="active-content" width="100%" height="100%" viewBox="0 0 20 22" fill="none" xmlns="http://www.w3.org/2000/svg">
                        <path fill-rule="evenodd" clip-rule="evenodd" d="M0 1.53052C0 0.685236 0.692171 0 1.54601 0H15.0736C15.9274 0 16.6196 0.685235 16.6196 1.53052V13.4064L15.8127 13.922L14.2658 14.2658L12.7189 13.4064L10.6054 14.3818C10.4994 14.2451 10.3327 14.157 10.1452 14.157H6.76329C6.4431 14.157 6.18354 14.414 6.18354 14.731C6.18354 15.0479 6.4431 15.3049 6.76329 15.3049H10.1452C10.2478 15.3049 10.3441 15.2785 10.4277 15.2322L10.3126 16.8439L13.2345 20.2793H1.54601C0.69217 20.2793 0 19.5941 0 18.7488V1.53052ZM6.18354 5.5483C6.18354 5.23132 6.4431 4.97436 6.76329 4.97436H12.3676C12.6878 4.97436 12.9473 5.23132 12.9473 5.5483C12.9473 5.86528 12.6878 6.12224 12.3676 6.12224H6.76329C6.4431 6.12224 6.18354 5.86528 6.18354 5.5483ZM6.76329 11.0961C6.4431 11.0961 6.18354 11.3531 6.18354 11.6701C6.18354 11.987 6.4431 12.244 6.76329 12.244H12.3676C12.6878 12.244 12.9473 11.987 12.9473 11.6701C12.9473 11.3531 12.6878 11.0961 12.3676 11.0961H6.76329ZM6.18354 8.60985C6.18354 8.29287 6.4431 8.03591 6.76329 8.03591H12.3676C12.6878 8.03591 12.9473 8.29287 12.9473 8.60985C12.9473 8.92684 12.6878 9.1838 12.3676 9.1838H6.76329C6.4431 9.1838 6.18354 8.92684 6.18354 8.60985ZM3.67118 5.5483C3.67118 5.23132 3.93075 4.97436 4.25093 4.97436H4.63743C4.95762 4.97436 5.21719 5.23132 5.21719 5.5483C5.21719 5.86528 4.95762 6.12224 4.63743 6.12224H4.25093C3.93075 6.12224 3.67118 5.86528 3.67118 5.5483ZM4.25093 11.0961C3.93075 11.0961 3.67118 11.3531 3.67118 11.6701C3.67118 11.987 3.93075 12.244 4.25093 12.244H4.63743C4.95762 12.244 5.21719 11.987 5.21719 11.6701C5.21719 11.3531 4.95762 11.0961 4.63743 11.0961H4.25093ZM3.67118 8.60985C3.67118 8.29287 3.93075 8.03591 4.25093 8.03591H4.63743C4.95762 8.03591 5.21719 8.29287 5.21719 8.60985C5.21719 8.92684 4.95762 9.1838 4.63743 9.1838H4.25093C3.93075 9.1838 3.67118 8.92684 3.67118 8.60985ZM4.25093 14.157C3.93075 14.157 3.67118 14.414 3.67118 14.731C3.67118 15.0479 3.93075 15.3049 4.25093 15.3049H4.63743C4.95762 15.3049 5.21719 15.0479 5.21719 14.731C5.21719 14.414 4.95762 14.157 4.63743 14.157H4.25093Z" fill="#EB0203"></path>
                        <path fill-rule="evenodd" clip-rule="evenodd" d="M14.6252 13.6363C13.4918 12.6215 11.7817 12.5264 10.6569 13.4792C9.12421 14.7764 9.34841 16.8912 10.4409 18.0122L14.0159 21.6742C14.2197 21.8832 14.4928 22 14.7822 22C15.0737 22 15.3448 21.8852 15.5486 21.6762L19.1236 18.0142C20.214 16.8933 20.4423 14.7785 18.9075 13.4792C17.7827 12.5283 16.0724 12.6217 14.9391 13.6365C14.8855 13.6845 14.8331 13.7345 14.7822 13.7866C14.7313 13.7345 14.6789 13.6843 14.6252 13.6363ZM18.1546 14.3522C19.0973 15.1508 18.9962 16.4896 18.2891 17.2173C18.2888 17.2175 18.2886 17.2177 18.2884 17.218L14.7832 20.8084L11.2753 17.2151C11.2752 17.215 11.2751 17.2149 11.2749 17.2148C10.5677 16.4887 10.4678 15.1495 11.4104 14.3518L11.4108 14.3514C12.0745 13.7892 13.2018 13.82 13.9488 14.5846L14.7822 15.4378L15.6157 14.5846C16.3617 13.8211 17.4896 13.79 18.1545 14.3521" fill="#EB0203"></path>
                        </svg>
                        <svg class="inactive-content" width="100%" height="100%" viewBox="0 0 20 23" fill="none" xmlns="http://www.w3.org/2000/svg">
                        <path fill-rule="evenodd" clip-rule="evenodd" d="M6.18408 5.77914C6.18408 5.46223 6.44363 5.20532 6.7638 5.20532H12.3678C12.6879 5.20532 12.9475 5.46223 12.9475 5.77914C12.9475 6.09606 12.6879 6.35297 12.3678 6.35297H6.7638C6.44363 6.35297 6.18408 6.09606 6.18408 5.77914Z" fill="#EB0203"></path>
                        <path fill-rule="evenodd" clip-rule="evenodd" d="M6.18408 11.9034C6.18408 11.5865 6.44363 11.3296 6.7638 11.3296H12.3678C12.6879 11.3296 12.9475 11.5865 12.9475 11.9034C12.9475 12.2202 12.6879 12.4771 12.3678 12.4771H6.7638C6.44363 12.4771 6.18408 12.2202 6.18408 11.9034Z" fill="#EB0203"></path>
                        <path fill-rule="evenodd" clip-rule="evenodd" d="M6.18408 8.84116C6.18408 8.52424 6.44363 8.26733 6.7638 8.26733H12.3678C12.6879 8.26733 12.9475 8.52424 12.9475 8.84116C12.9475 9.15807 12.6879 9.41498 12.3678 9.41498H6.7638C6.44363 9.41498 6.18408 9.15807 6.18408 8.84116Z" fill="#EB0203"></path>
                        <path fill-rule="evenodd" clip-rule="evenodd" d="M6.18408 14.9655C6.18408 14.6486 6.44363 14.3917 6.7638 14.3917H10.1455C10.4657 14.3917 10.7252 14.6486 10.7252 14.9655C10.7252 15.2825 10.4657 15.5394 10.1455 15.5394H6.7638C6.44363 15.5394 6.18408 15.2825 6.18408 14.9655Z" fill="#EB0203"></path>
                        <path fill-rule="evenodd" clip-rule="evenodd" d="M3.67139 5.77914C3.67139 5.46223 3.93094 5.20532 4.25111 5.20532H4.63759C4.95776 5.20532 5.21731 5.46223 5.21731 5.77914C5.21731 6.09606 4.95776 6.35297 4.63759 6.35297H4.25111C3.93094 6.35297 3.67139 6.09606 3.67139 5.77914Z" fill="#EB0203"></path>
                        <path fill-rule="evenodd" clip-rule="evenodd" d="M3.67139 11.9034C3.67139 11.5865 3.93094 11.3296 4.25111 11.3296H4.63759C4.95776 11.3296 5.21731 11.5865 5.21731 11.9034C5.21731 12.2202 4.95776 12.4771 4.63759 12.4771H4.25111C3.93094 12.4771 3.67139 12.2202 3.67139 11.9034Z" fill="#EB0203"></path>
                        <path fill-rule="evenodd" clip-rule="evenodd" d="M3.67139 8.84116C3.67139 8.52424 3.93094 8.26733 4.25111 8.26733H4.63759C4.95776 8.26733 5.21731 8.52424 5.21731 8.84116C5.21731 9.15807 4.95776 9.41498 4.63759 9.41498H4.25111C3.93094 9.41498 3.67139 9.15807 3.67139 8.84116Z" fill="#EB0203"></path>
                        <path fill-rule="evenodd" clip-rule="evenodd" d="M3.67139 14.9655C3.67139 14.6486 3.93094 14.3917 4.25111 14.3917H4.63759C4.95776 14.3917 5.21731 14.6486 5.21731 14.9655C5.21731 15.2825 4.95776 15.5394 4.63759 15.5394H4.25111C3.93094 15.5394 3.67139 15.2825 3.67139 14.9655Z" fill="#EB0203"></path>
                        <path fill-rule="evenodd" clip-rule="evenodd" d="M0 1.76033C0 0.914738 0.692131 0.229248 1.54592 0.229248H15.0727C15.9265 0.229248 16.6186 0.914738 16.6186 1.76033V11.2818C16.6186 11.5989 16.3591 11.8559 16.0389 11.8559C15.7187 11.8559 15.4592 11.5989 15.4592 11.2818V1.76033C15.4592 1.54893 15.2862 1.37756 15.0727 1.37756H1.54592C1.33247 1.37756 1.15944 1.54893 1.15944 1.76033V18.985C1.15944 19.1964 1.33247 19.3678 1.54592 19.3678H9.27551C9.59568 19.3678 9.85523 19.6249 9.85523 19.942C9.85523 20.2591 9.59568 20.5161 9.27551 20.5161H1.54592C0.692131 20.5161 0 19.8306 0 18.985V1.76033Z" fill="#EB0203"></path>
                        <path fill-rule="evenodd" clip-rule="evenodd" d="M14.6254 13.8718C13.4921 12.8567 11.7821 12.7615 10.6574 13.7147C9.12472 15.0124 9.34891 17.128 10.4413 18.2493L14.0161 21.9126C14.2199 22.1217 14.493 22.2386 14.7824 22.2386C15.0739 22.2386 15.3449 22.1238 15.5487 21.9147L19.1235 18.2514C20.2139 17.13 20.4422 15.0144 18.9075 13.7147C17.7827 12.7634 16.0726 12.8569 14.9392 13.872C14.8856 13.92 14.8333 13.9701 14.7824 14.0222C14.7314 13.97 14.6791 13.9199 14.6254 13.8718ZM18.1546 14.588C19.0972 15.3869 18.9961 16.7262 18.2891 17.4541C18.2888 17.4543 18.2886 17.4546 18.2884 17.4548L14.7834 21.0466L11.2757 17.452C11.2756 17.4519 11.2755 17.4517 11.2753 17.4516C10.5681 16.7252 10.4682 15.3856 11.4108 14.5876L11.4112 14.5872C12.0748 14.0248 13.202 14.0556 13.949 14.8205L14.7824 15.674L15.6158 14.8205C16.3618 14.0567 17.4896 14.0256 18.1545 14.5879" fill="#EB0203"></path>
                        </svg>
                        </button>
                        </div>
                        </div>
                        <p class="ct-tile--brand">Oliveira da Serra</p>
                        <p class="ct-tile--quantity">emb. 75 cl</p>
                        </div>
                        <div class="ct-tile-bottom row no-gutters justify-content-between">
                        <div class="ct-price-wrap col-8 col-sm-12">
                        <div class="price js-product-price">
                        <div class="prices-wrapper">
                        <span class="sales ct-tile--price-primary ">
                        <span class="value" content="4.29">
                        <span class="ct-price-formatted">
                        €4,29
                        </span>
                        <span class="ct-m-unit">
                        /un
                        </span>
                        </span>
                        </span>
                        </div>
                        <div class="ct-tile--price-secondary">
                        <span class="ct-price-value">
                        €5,72
                        </span>
                        <span class="ct-m-unit">
                        /lt
                        </span>
                        </div>
                        <p class="ct-discount-amount ct-discount-amount-pvpr">PVP Recomendado: €8,58/un</p>
                        </div>
                        </div>
                        <div class="ct-tile-buy-section d-flex justify-content-center no-gutters col-auto col-sm-12">
                        <div class="col-2 d-sm-flex d-none">
                        <button class="wishlist-toggler guest-mode inactive button button--tertiary" data-pid="7099734" data-add-url="https://www.continente.pt/on/demandware.store/Sites-continente-Site/default/Wishlist-AddProduct?pid=7099734" data-toggle="tooltip" aria-label="Adicionar aos favoritos " data-original-title="Adicionar aos favoritos" data-placement="top">
                        <svg class="active-content" width="100%" height="100%" viewBox="0 0 20 22" fill="none" xmlns="http://www.w3.org/2000/svg">
                        <path fill-rule="evenodd" clip-rule="evenodd" d="M0 1.53052C0 0.685236 0.692171 0 1.54601 0H15.0736C15.9274 0 16.6196 0.685235 16.6196 1.53052V13.4064L15.8127 13.922L14.2658 14.2658L12.7189 13.4064L10.6054 14.3818C10.4994 14.2451 10.3327 14.157 10.1452 14.157H6.76329C6.4431 14.157 6.18354 14.414 6.18354 14.731C6.18354 15.0479 6.4431 15.3049 6.76329 15.3049H10.1452C10.2478 15.3049 10.3441 15.2785 10.4277 15.2322L10.3126 16.8439L13.2345 20.2793H1.54601C0.69217 20.2793 0 19.5941 0 18.7488V1.53052ZM6.18354 5.5483C6.18354 5.23132 6.4431 4.97436 6.76329 4.97436H12.3676C12.6878 4.97436 12.9473 5.23132 12.9473 5.5483C12.9473 5.86528 12.6878 6.12224 12.3676 6.12224H6.76329C6.4431 6.12224 6.18354 5.86528 6.18354 5.5483ZM6.76329 11.0961C6.4431 11.0961 6.18354 11.3531 6.18354 11.6701C6.18354 11.987 6.4431 12.244 6.76329 12.244H12.3676C12.6878 12.244 12.9473 11.987 12.9473 11.6701C12.9473 11.3531 12.6878 11.0961 12.3676 11.0961H6.76329ZM6.18354 8.60985C6.18354 8.29287 6.4431 8.03591 6.76329 8.03591H12.3676C12.6878 8.03591 12.9473 8.29287 12.9473 8.60985C12.9473 8.92684 12.6878 9.1838 12.3676 9.1838H6.76329C6.4431 9.1838 6.18354 8.92684 6.18354 8.60985ZM3.67118 5.5483C3.67118 5.23132 3.93075 4.97436 4.25093 4.97436H4.63743C4.95762 4.97436 5.21719 5.23132 5.21719 5.5483C5.21719 5.86528 4.95762 6.12224 4.63743 6.12224H4.25093C3.93075 6.12224 3.67118 5.86528 3.67118 5.5483ZM4.25093 11.0961C3.93075 11.0961 3.67118 11.3531 3.67118 11.6701C3.67118 11.987 3.93075 12.244 4.25093 12.244H4.63743C4.95762 12.244 5.21719 11.987 5.21719 11.6701C5.21719 11.3531 4.95762 11.0961 4.63743 11.0961H4.25093ZM3.67118 8.60985C3.67118 8.29287 3.93075 8.03591 4.25093 8.03591H4.63743C4.95762 8.03591 5.21719 8.29287 5.21719 8.60985C5.21719 8.92684 4.95762 9.1838 4.63743 9.1838H4.25093C3.93075 9.1838 3.67118 8.92684 3.67118 8.60985ZM4.25093 14.157C3.93075 14.157 3.67118 14.414 3.67118 14.731C3.67118 15.0479 3.93075 15.3049 4.25093 15.3049H4.63743C4.95762 15.3049 5.21719 15.0479 5.21719 14.731C5.21719 14.414 4.95762 14.157 4.63743 14.157H4.25093Z" fill="#EB0203"></path>
                        <path fill-rule="evenodd" clip-rule="evenodd" d="M14.6252 13.6363C13.4918 12.6215 11.7817 12.5264 10.6569 13.4792C9.12421 14.7764 9.34841 16.8912 10.4409 18.0122L14.0159 21.6742C14.2197 21.8832 14.4928 22 14.7822 22C15.0737 22 15.3448 21.8852 15.5486 21.6762L19.1236 18.0142C20.214 16.8933 20.4423 14.7785 18.9075 13.4792C17.7827 12.5283 16.0724 12.6217 14.9391 13.6365C14.8855 13.6845 14.8331 13.7345 14.7822 13.7866C14.7313 13.7345 14.6789 13.6843 14.6252 13.6363ZM18.1546 14.3522C19.0973 15.1508 18.9962 16.4896 18.2891 17.2173C18.2888 17.2175 18.2886 17.2177 18.2884 17.218L14.7832 20.8084L11.2753 17.2151C11.2752 17.215 11.2751 17.2149 11.2749 17.2148C10.5677 16.4887 10.4678 15.1495 11.4104 14.3518L11.4108 14.3514C12.0745 13.7892 13.2018 13.82 13.9488 14.5846L14.7822 15.4378L15.6157 14.5846C16.3617 13.8211 17.4896 13.79 18.1545 14.3521" fill="#EB0203"></path>
                        </svg>
                        <svg class="inactive-content" width="100%" height="100%" viewBox="0 0 20 23" fill="none" xmlns="http://www.w3.org/2000/svg">
                        <path fill-rule="evenodd" clip-rule="evenodd" d="M6.18408 5.77914C6.18408 5.46223 6.44363 5.20532 6.7638 5.20532H12.3678C12.6879 5.20532 12.9475 5.46223 12.9475 5.77914C12.9475 6.09606 12.6879 6.35297 12.3678 6.35297H6.7638C6.44363 6.35297 6.18408 6.09606 6.18408 5.77914Z" fill="#EB0203"></path>
                        <path fill-rule="evenodd" clip-rule="evenodd" d="M6.18408 11.9034C6.18408 11.5865 6.44363 11.3296 6.7638 11.3296H12.3678C12.6879 11.3296 12.9475 11.5865 12.9475 11.9034C12.9475 12.2202 12.6879 12.4771 12.3678 12.4771H6.7638C6.44363 12.4771 6.18408 12.2202 6.18408 11.9034Z" fill="#EB0203"></path>
                        <path fill-rule="evenodd" clip-rule="evenodd" d="M6.18408 8.84116C6.18408 8.52424 6.44363 8.26733 6.7638 8.26733H12.3678C12.6879 8.26733 12.9475 8.52424 12.9475 8.84116C12.9475 9.15807 12.6879 9.41498 12.3678 9.41498H6.7638C6.44363 9.41498 6.18408 9.15807 6.18408 8.84116Z" fill="#EB0203"></path>
                        <path fill-rule="evenodd" clip-rule="evenodd" d="M6.18408 14.9655C6.18408 14.6486 6.44363 14.3917 6.7638 14.3917H10.1455C10.4657 14.3917 10.7252 14.6486 10.7252 14.9655C10.7252 15.2825 10.4657 15.5394 10.1455 15.5394H6.7638C6.44363 15.5394 6.18408 15.2825 6.18408 14.9655Z" fill="#EB0203"></path>
                        <path fill-rule="evenodd" clip-rule="evenodd" d="M3.67139 5.77914C3.67139 5.46223 3.93094 5.20532 4.25111 5.20532H4.63759C4.95776 5.20532 5.21731 5.46223 5.21731 5.77914C5.21731 6.09606 4.95776 6.35297 4.63759 6.35297H4.25111C3.93094 6.35297 3.67139 6.09606 3.67139 5.77914Z" fill="#EB0203"></path>
                        <path fill-rule="evenodd" clip-rule="evenodd" d="M3.67139 11.9034C3.67139 11.5865 3.93094 11.3296 4.25111 11.3296H4.63759C4.95776 11.3296 5.21731 11.5865 5.21731 11.9034C5.21731 12.2202 4.95776 12.4771 4.63759 12.4771H4.25111C3.93094 12.4771 3.67139 12.2202 3.67139 11.9034Z" fill="#EB0203"></path>
                        <path fill-rule="evenodd" clip-rule="evenodd" d="M3.67139 8.84116C3.67139 8.52424 3.93094 8.26733 4.25111 8.26733H4.63759C4.95776 8.26733 5.21731 8.52424 5.21731 8.84116C5.21731 9.15807 4.95776 9.41498 4.63759 9.41498H4.25111C3.93094 9.41498 3.67139 9.15807 3.67139 8.84116Z" fill="#EB0203"></path>
                        <path fill-rule="evenodd" clip-rule="evenodd" d="M3.67139 14.9655C3.67139 14.6486 3.93094 14.3917 4.25111 14.3917H4.63759C4.95776 14.3917 5.21731 14.6486 5.21731 14.9655C5.21731 15.2825 4.95776 15.5394 4.63759 15.5394H4.25111C3.93094 15.5394 3.67139 15.2825 3.67139 14.9655Z" fill="#EB0203"></path>
                        <path fill-rule="evenodd" clip-rule="evenodd" d="M0 1.76033C0 0.914738 0.692131 0.229248 1.54592 0.229248H15.0727C15.9265 0.229248 16.6186 0.914738 16.6186 1.76033V11.2818C16.6186 11.5989 16.3591 11.8559 16.0389 11.8559C15.7187 11.8559 15.4592 11.5989 15.4592 11.2818V1.76033C15.4592 1.54893 15.2862 1.37756 15.0727 1.37756H1.54592C1.33247 1.37756 1.15944 1.54893 1.15944 1.76033V18.985C1.15944 19.1964 1.33247 19.3678 1.54592 19.3678H9.27551C9.59568 19.3678 9.85523 19.6249 9.85523 19.942C9.85523 20.2591 9.59568 20.5161 9.27551 20.5161H1.54592C0.692131 20.5161 0 19.8306 0 18.985V1.76033Z" fill="#EB0203"></path>
                        <path fill-rule="evenodd" clip-rule="evenodd" d="M14.6254 13.8718C13.4921 12.8567 11.7821 12.7615 10.6574 13.7147C9.12472 15.0124 9.34891 17.128 10.4413 18.2493L14.0161 21.9126C14.2199 22.1217 14.493 22.2386 14.7824 22.2386C15.0739 22.2386 15.3449 22.1238 15.5487 21.9147L19.1235 18.2514C20.2139 17.13 20.4422 15.0144 18.9075 13.7147C17.7827 12.7634 16.0726 12.8569 14.9392 13.872C14.8856 13.92 14.8333 13.9701 14.7824 14.0222C14.7314 13.97 14.6791 13.9199 14.6254 13.8718ZM18.1546 14.588C19.0972 15.3869 18.9961 16.7262 18.2891 17.4541C18.2888 17.4543 18.2886 17.4546 18.2884 17.4548L14.7834 21.0466L11.2757 17.452C11.2756 17.4519 11.2755 17.4517 11.2753 17.4516C10.5681 16.7252 10.4682 15.3856 11.4108 14.5876L11.4112 14.5872C12.0748 14.0248 13.202 14.0556 13.949 14.8205L14.7824 15.674L15.6158 14.8205C16.3618 14.0567 17.4896 14.0256 18.1545 14.5879" fill="#EB0203"></path>
                        </svg>
                        </button>
                        </div>
                        <div class="col-sm-10 col-12">
                        <div class="ct-tile-quantity d-none" data-pid="7099734">
                        <input type="hidden" class="add-to-cart-url" value="https://www.continente.pt/on/demandware.store/Sites-continente-Site/default/Cart-AddProduct">
                        <div class="d-none tile-delete-confirmation-btn" data-pid="7099734" data-delay-time="3000" data-in-cart-msg="no carrinho" data-one-product-added="Adicionado ao carrinho" data-remove-from-cart-msg="Removido do carrinho" data-stay-open="6000.0" data-confirmation-image="{&quot;url&quot;:&quot;https://www.continente.pt/dw/image/v2/BDVS_PRD/on/demandware.static/-/Sites-col-master-catalog/default/dwe2dd947b/images/col/709/7099734-frente.jpg?sw=87&amp;sh=80&quot;,&quot;fallbackimage&quot;:{&quot;url&quot;:&quot;https://www.continente.pt/dw/image/v2/BDVS_PRD/on/demandware.static/Sites-continente-Site/-/default/dw7c42b4da/images/noimagelarge_product.png?sw=87&amp;sh=80&quot;,&quot;title&quot;:&quot;Azeite Virgem Extra Selecionado Pet&quot;,&quot;alt&quot;:&quot;Azeite Virgem Extra Selecionado Pet&quot;},&quot;title&quot;:&quot;Azeite Virgem Extra Selecionado Pet&quot;,&quot;alt&quot;:&quot;Azeite Virgem Extra Selecionado Pet&quot;}"></div>
                        <div class="ct-tile-quantity-update quantity-update product-qty-vue" data-remove-action="https://www.continente.pt/on/demandware.store/Sites-continente-Site/default/Cart-RemoveProductLineItem" data-action="https://www.continente.pt/on/demandware.store/Sites-continente-Site/default/Cart-UpdateQuantity" data-dimension-update="https://www.continente.pt/on/demandware.store/Sites-continente-Site/default/Cart-DimensionUpdate" data-pid="7099734" data-uuid="5df1f6e6d7e713320ea994cffb" data-add-delay="500.0" data-measure-options="{&quot;hasConversionRate&quot;:false,&quot;hasAlternativeSaleUnit&quot;:false,&quot;unitConversionRate&quot;:null,&quot;minOrderQuantity&quot;:1,&quot;stepQuantity&quot;:1,&quot;primaryunit&quot;:&quot;un&quot;,&quot;secondaryunit&quot;:&quot;lt&quot;,&quot;selectedunit&quot;:&quot;primary&quot;,&quot;maxNumberOfUnitsPerSale&quot;:50}" data-price-available="null" :data-has-error="isMaxQtyReached || isMinQtyReached || qtySelectedMoreThanOne">
                        <template v-show="prodUnits">
                        <div class="quantity-input-wrapper has-units">
                        <label class="visually-hidden" :for="'quantity-' + pid + additionalTag">
                        Quantidade no carrinho
                        </label>
                        <input :ref="'quantityInput-' + pid + additionalTag" class="add-to-cart-quantity form-control ct-form-input text-center" inputmode="numeric" :class="{'is-invalid': isInvalid}" :data-pid="pid + additionalTag" :name="'quantity-' + pid + additionalTag" type="text" aria-label="Insira a quantidade" title="" v-model="displayValue" @change="updateQuantity" @focus="updateQtyFormat" @blur="restoreQtyFormat" :disabled="!isPriceAvailable">
                        <span class="quantity-icon quantity-icon--minus">
                        <button class="decrease-quantity-btn" @click="updateQuantity" :disabled="!isPriceAvailable" role="button" aria-label="Reduzir quantidade">
                        <i class="css-math-minus"></i>
                        </button>
                        </span>
                        <span class="quantity-icon quantity-icon--plus">
                        <button class="increase-quantity-btn" @click="updateQuantity" :disabled="isMaxQtyReached || !isPriceAvailable" role="button" aria-label="Aumentar quantidade">
                        <i class="css-math-plus"></i>
                        </button>
                        <span class="quantity-btn-disabled-placeholder"></span>
                        </span>
                        <template v-if="isPDP">
                        <span class="quantity-error ct-span-error text-sm-center product-max-allocation" v-if="isMaxQtyReached">
                        Quantidade máxima atingida
                        </span>
                        <span class="quantity-error ct-span-product text-sm-center product-allocation" v-if="!isMinQtyReached &amp;&amp; !isMaxQtyReached">
                        {{quantitySelected}} no carrinho
                        </span>
                        <span class="quantity-error ct-span-error text-sm-center product-min-allocation" :data-pid="pid" v-if="isMinQtyReached &amp;&amp; !isMaxQtyReached">
                        Quantidade mínima atingida
                        </span>
                        </template>
                        </div>
                        <template v-if="showNotes">
                        <div class="add-note-link-container ">
                        <div class="add-note">
                        <a href="/produto/azeite-virgem-extra-selecionado-pet-oliveira-da-serra-7099734.html?showNote=true" class="ct-add-note-redirect-pdp" aria-label="Adicionar comentário">
                        <span class="svg-wrapper svg-icon-notes" style="width:19px; height:20px">
                        <svg class="svg-inline icon-notes" viewBox="0 0 28 30" xmlns="http://www.w3.org/2000/svg" width="100%" height="100%"><path d="M21.738 0C22.985 0 24 1.04 24 2.319V12.47c0 .469-.37.848-.828.848-.457 0-.827-.38-.827-.848V2.32c0-.343-.273-.622-.607-.622H2.262c-.334 0-.607.279-.607.622V27.68c0 .343.273.622.607.622h7.81c.457 0 .827.38.827.849 0 .468-.37.848-.827.848h-7.81C1.015 30 0 28.96 0 27.681V2.32C0 1.04 1.015 0 2.262 0h19.476zm2.844 16.004l.227.007c.823.053 1.589.39 2.176.964.64.627.993 1.46.993 2.349 0 .888-.353 1.722-.993 2.348l-6.83 6.665c-.11.108-.247.186-.397.226l-5.032 1.363c-.078.021-.16.032-.241.032-.242 0-.478-.097-.647-.266-.23-.231-.314-.566-.218-.874l1.49-4.798c.044-.139.122-.266.227-.369l6.844-6.677c.64-.625 1.493-.97 2.401-.97zm-2.886 3.94l-4.922 4.802-.947 3.048 3.22-.872 4.897-4.78-2.248-2.197zm2.887-2.174c-.425 0-.824.162-1.124.455l-.484.472 2.248 2.197.484-.472c.62-.606.62-1.591 0-2.197l-.117-.104c-.283-.227-.636-.35-1.007-.35zm-10.839.022c.498 0 .904.396.904.883 0 .488-.406.884-.904.884H5.946c-.499 0-.904-.396-.904-.884 0-.487.405-.883.904-.883zm5.042-4.876c.498 0 .904.397.904.884s-.406.884-.904.884H5.946c-.499 0-.904-.397-.904-.884s.405-.884.904-.884zm0-4.875c.498 0 .904.396.904.884 0 .487-.406.883-.904.883H5.946c-.499 0-.904-.396-.904-.883 0-.488.405-.884.904-.884z" fill="#EB0203" fill-rule="evenodd"></path></svg>
                        </span>
                        <div class="available-note d-none"></div>
                        </a>
                        </div>
                        </div>
                        </template>
                        <div class="measurement-unit-section" v-if="isPriceAvailable &amp;&amp; prodUnits ? prodUnits.hasAlternativeUnit : false">
                        <div class="ct-form-radio" @click="setDimension">
                        <input type="radio" title="" class="ct-form-check-input product-measurement-unit" :data-type="prodUnits.selectedUnit == prodUnits.secondaryUnit ? 'primary' : ''" :id="prodUnits.secondaryUnit + '-' + pid + '-measurement-unit-ptile' + additionalTag" :name="'measurement-unit-' + pid + '-ptile' + additionalTag" :value="prodUnits.secondaryUnit" v-model="prodUnits.selectedUnit">
                        <label :class="prodUnits.secondaryUnit + '-label ct-form-check-label mb-0'" :for="prodUnits.secondaryUnit + '-' + pid + '-measurement-unit-ptile' + additionalTag">
                        {{prodUnits.secondaryUnit}}
                        </label>
                        <span class="checkmark"></span>
                        </div>
                        <div class="ct-form-radio" @click="setDimension">
                        <input type="radio" title="" class="ct-form-check-input product-measurement-unit" :data-type="prodUnits.selectedUnit == prodUnits.primaryUnit ? 'primary' : ''" :id="prodUnits.primaryUnit + '-' + pid + '-measurement-unit-ptile' + additionalTag" :name="'measurement-unit-' + pid + '-ptile' + additionalTag" :value="prodUnits.primaryUnit" v-model="prodUnits.selectedUnit">
                        <label :class="prodUnits.primaryUnit + '-label ct-form-check-label mb-0'" :for="prodUnits.primaryUnit + '-' + pid + '-measurement-unit-ptile' + additionalTag">
                        {{prodUnits.primaryUnit}}
                        </label>
                        <span class="checkmark"></span>
                        </div>
                        </div>
                        <template v-if="!isPDP &amp;&amp; isPriceAvailable">
                        <span class="quantity-error ct-span-error product-max-allocation" v-if="isMaxQtyReached">
                        Quantidade máxima atingida
                        </span>
                        <span class="quantity-error ct-span-product product-allocation" v-if="!isMinQtyReached &amp;&amp; !isMaxQtyReached">
                        {{quantitySelected}} no carrinho
                        </span>
                        <span class="quantity-error ct-span-error product-min-allocation" :data-pid="pid" v-if="isMinQtyReached &amp;&amp; !isMaxQtyReached">
                        Quantidade mínima atingida
                        </span>
                        </template>
                        </template>
                        </div>
                        <input class="quantity-value-mask d-none" name="quantity" type="number" min="0" value="">
                        </div>
                        <button type="button" class="add-to-cart button js-add-to-cart js-add-to-cart-tile 7099734 button--primary dynamic-layout-btn" data-toggle="modal" data-target="#chooseBonusProductModal" data-pid="7099734" data-quantity-value="null" aria-label="Carrinho">
                        <span class="d-block d-sm-none">
                        <span class="svg-wrapper svg-icon-cart" style="width:20px; height:20px">
                        <svg class="svg-inline icon-cart" xmlns="http://www.w3.org/2000/svg" viewBox="0 0 500 500" width="100%" height="100%"><path fill="#EB0203" fill-rule="evenodd" d="M 485.67317,94.386311 C 476.37798,83.847129 463.09468,78.03348 448.30404,78.03348 H 90.690813 L 87.079511,51.327997 C 83.185582,22.539551 62.962285,0 41.011841,0 H 14.727836 C 6.563151,0 0,6.5286975 0,14.580758 c 0,8.05206 6.5945535,14.580758 14.727836,14.580758 h 26.284005 c 4.710398,0 14.696435,9.855222 16.894619,26.021523 L 100.01739,368.0631 c 1.88416,13.77244 9.01256,26.70549 20.1605,36.37417 8.25889,7.15046 18.02511,11.9071 28.26237,13.89679 -4.17655,7.58572 -6.53175,16.25957 -6.53175,25.493 0,29.53459 24.27424,53.59751 54.13815,53.59751 29.8325,0 54.13814,-24.03184 54.13814,-53.59751 0,-8.79818 -2.19818,-17.09897 -5.9979,-24.43598 h 77.12488 c -3.79973,7.33701 -5.96652,15.6378 -5.96652,24.43598 0,29.53459 24.27424,53.59751 54.13817,53.59751 29.83249,0 54.13814,-24.03184 54.13814,-53.59751 0,-8.79818 -2.1982,-17.09897 -5.9979,-24.43598 h 38.56243 c 8.13328,0 14.72783,-6.5287 14.72783,-14.61183 0,-8.02098 -6.59455,-14.54967 -14.72783,-14.54967 H 159.24277 c -14.38241,0 -28.13677,-11.90711 -30.02092,-26.02153 l -3.07746,-22.88154 h 290.6314 c 14.03698,0 27.94834,-5.28513 39.06488,-14.95381 11.11652,-9.6376 18.27632,-22.57065 20.16048,-36.37417 l 21.10259,-156.78201 c 1.94694,-14.51858 -2.10398,-28.29103 -11.43057,-38.861299 z M 220.76053,443.82706 c 0,13.49265 -11.08513,24.46709 -24.68247,24.46709 -13.62874,0 -24.71387,-10.97444 -24.71387,-24.46709 0,-13.49262 11.08513,-24.43598 24.71387,-24.43598 13.59734,0 24.68247,10.94336 24.68247,24.43598 z m 173.43675,0 c 0,13.49265 -11.08512,24.46709 -24.68245,24.46709 -13.62876,0 -24.71388,-10.97444 -24.71388,-24.46709 0,-13.49262 11.08512,-24.43598 24.71388,-24.43598 13.59733,0 24.68245,10.94336 24.68245,24.43598 z m 73.7648,-314.46558 -21.13397,156.782 c -1.88416,14.11442 -15.63851,26.05261 -30.02091,26.05261 H 122.25046 L 94.616142,107.19499 H 448.33544 c 6.18632,0 11.61896,2.2695 15.23028,6.37326 3.64269,4.13484 5.21283,9.73086 4.39636,15.79323 z"></path></svg>
                        </span>
                        </span>
                        <span class="add-to-cart--text d-none d-sm-block">Carrinho</span>
                        </button>
                        </div>
                        </div>
                        </div>
                        </div>
                        
                        <div class="col-12 d-sm-none">
                        </div>
                        </div>
                        </div>
                        </div>
                        </div>
                        <div class="col-12 col-sm-3 col-lg-2 productTile" data-idx="30">
                        
                        <script type="text/javascript">//<!--
                        /* <![CDATA[ */
                        (function(){
                        try {
                            if(window.CQuotient) {
                            var cq_params = {};
                            
                            cq_params.cookieId = window.CQuotient.getCQCookieId();
                            cq_params.userId = window.CQuotient.getCQUserId();
                            cq_params.emailId = CQuotient.getCQHashedEmail();
                            cq_params.loginId = CQuotient.getCQHashedLogin();
                            cq_params.accumulate = true;
                            cq_params.products = [{
                                id: '7106089',
                                sku: ''
                            }];
                            cq_params.categoryId = 'mercearias';
                            cq_params.refinements = '[{\"name\":\"priceMin\",\"value\":\"0.01\"},{\"name\":\"priceMax\",\"value\":\"null\"},{\"name\":\"curr\",\"value\":\"EUR\"},{\"name\":\"Category\",\"value\":\"mercearias\"}]';
                            cq_params.personalized = 'false';
                            cq_params.sortingRule = 'FOOD_Mercearia';
                            cq_params.imageUUID = '__UNDEFINED__';
                            cq_params.realm = "BDVS";
                            cq_params.siteId = "continente";
                            cq_params.instanceType = "prd";
                            cq_params.queryLocale = "default";
                            cq_params.locale = window.CQuotient.locale;
                            
                            if(window.CQuotient.sendActivity)
                                window.CQuotient.sendActivity(CQuotient.clientId, 'viewCategory', cq_params);
                            else
                                window.CQuotient.activities.push({
                                    activityType: 'viewCategory',
                                    parameters: cq_params
                                });
                          }
                        } catch(err) {}
                        })();
                        /* ]]> */
                        // -->
                        </script>
                        <script type="text/javascript">//<!--
                        /* <![CDATA[ (viewCategoryProduct-active_data.js) */
                        (function(){
                        try {
                            if (dw.ac) {
                                var search_params = {};
                                search_params.persd = 'false';
                                search_params.refs = '[{\"name\":\"priceMin\",\"value\":\"0.01\"},{\"name\":\"priceMax\",\"value\":\"null\"},{\"name\":\"curr\",\"value\":\"EUR\"},{\"name\":\"Category\",\"value\":\"mercearias\"}]';
                                search_params.sort = 'FOOD_Mercearia';
                                search_params.imageUUID = '';
                                search_params.searchID = 'afeeff71-841d-471a-a4b6-1885a5ac2689';
                                search_params.locale = 'default';
                                search_params.queryLocale = 'default';
                                search_params.showProducts = 'true';
                                dw.ac.applyContext({category: "mercearias", searchData: search_params});
                                if (typeof dw.ac._scheduleDataSubmission === "function") {
                                    dw.ac._scheduleDataSubmission();
                                }
                            }
                        } catch(err) {}
                        })();
                        /* ]]> */
                        // -->
                        </script>
                        <script type="text/javascript">//<!--
                        /* <![CDATA[ (viewProduct-active_data.js) */
                        dw.ac._capture({id: "7106089", type: "searchhit"});
                        /* ]]> */
                        // -->
                        </script>
                        <div class="product" data-pid="7106089">
                        <div class="product-tile pid-7106089 ct-product-tile data-layer-pushed" data-delay-time="3000" data-variants-mapping="[]" data-in-cart-msg="no carrinho" data-one-product-added="Adicionado ao carrinho" data-remove-from-cart-msg="Removido do carrinho" data-stay-open="6000.0" data-product-tile-impression="{&quot;name&quot;:&quot;7106089&quot;,&quot;id&quot;:&quot;7106089&quot;,&quot;price&quot;:1.48,&quot;brand&quot;:&quot;Lays Gourmet&quot;,&quot;category&quot;:[{&quot;category_level_1&quot;:&quot;Mercearia&quot;},{&quot;category_level_2&quot;:&quot;Snacks e Batatas Fritas&quot;},{&quot;category_level_3&quot;:&quot;Batatas Fritas&quot;}],&quot;variant&quot;:&quot;&quot;}">
                        <div class="ct-inner-tile-wrap row no-gutters justify-content-center align-content-start">
                        <div class="ct-product-tile-badge ct-product-tile-badge--promotional">
                        <img class="img-fluid lazyloaded" loading="lazy" data-src="https://www.continente.pt/dw/image/v2/BDVS_PRD/on/demandware.static/-/Sites-continente-Library/default/dwf5980f2e/images/badges/pvpr/col/pvpr.png?sw=60&amp;sh=42" alt="PVP Recomendado: €2,29/un" title="PVP Recomendado: €2,29/un" src="https://www.continente.pt/dw/image/v2/BDVS_PRD/on/demandware.static/-/Sites-continente-Library/default/dwf5980f2e/images/badges/pvpr/col/pvpr.png?sw=60&amp;sh=42">
                        <div class="ct-product-tile-badge-value-wrapper ct-product-tile-badge-value-wrapper--pvpr  ">
                        <span class="ct-product-tile-badge-value--pvpr">
                        35
                        </span>
                        <span class="ct-product-tile-badge-value--pvpr-quantifier ">
                        %
                        </span>
                        </div>
                        </div>
                        
                        <div class="ct-image-container col-4 col-sm" data-confirmation-image="{&quot;url&quot;:&quot;https://www.continente.pt/dw/image/v2/BDVS_PRD/on/demandware.static/-/Sites-col-master-catalog/default/dw2ccb81cd/images/col/710/7106089-frente.jpg?sw=87&amp;sh=80&quot;,&quot;fallbackimage&quot;:{&quot;url&quot;:&quot;https://www.continente.pt/dw/image/v2/BDVS_PRD/on/demandware.static/Sites-continente-Site/-/default/dw7c42b4da/images/noimagelarge_product.png?sw=87&amp;sh=80&quot;,&quot;title&quot;:&quot;Batata Frita Gourmet Lisa Corte Fino&quot;,&quot;alt&quot;:&quot;Batata Frita Gourmet Lisa Corte Fino&quot;},&quot;title&quot;:&quot;Batata Frita Gourmet Lisa Corte Fino&quot;,&quot;alt&quot;:&quot;Batata Frita Gourmet Lisa Corte Fino&quot;}">
                        <a href="https://www.continente.pt/produto/batata-frita-gourmet-lisa-corte-fino-lays-gourmet-7106089.html?cgid=mercearias">
                        <picture class="intrinsic intrinsic--square">
                        <img class="ct-tile-image lazyloaded" loading="lazy" onerror="this.onerror=null;this.src='/on/demandware.static/Sites-continente-Site/-/default/dw7c42b4da/images/noimagelarge_product.png';" data-src="https://www.continente.pt/dw/image/v2/BDVS_PRD/on/demandware.static/-/Sites-col-master-catalog/default/dw2ccb81cd/images/col/710/7106089-frente.jpg?sw=280&amp;sh=280" alt="Batata Frita Gourmet Lisa Corte Fino" title="Batata Frita Gourmet Lisa Corte Fino" src="https://www.continente.pt/dw/image/v2/BDVS_PRD/on/demandware.static/-/Sites-col-master-catalog/default/dw2ccb81cd/images/col/710/7106089-frente.jpg?sw=280&amp;sh=280">
                        </picture>
                        </a>
                        <div class="color-swatches d-flex" style="margin-left: 5px;">
                        <div class="swatches d-flex">
                        </div>
                        </div>
                        </div>
                        <div class="ct-tile-body col col-sm-auto ">
                        <div class="ct-pdp-details">
                        <div class="ct-pdp-link">
                        <a class="ct-tile--description" href="https://www.continente.pt/produto/batata-frita-gourmet-lisa-corte-fino-lays-gourmet-7106089.html?cgid=mercearias">Batata Frita Gourmet Lisa Corte Fino</a>
                        <div class="ct-tile--favorite-top d-sm-none">
                        <button class="wishlist-toggler guest-mode inactive button button--tertiary" data-pid="7106089" data-add-url="https://www.continente.pt/on/demandware.store/Sites-continente-Site/default/Wishlist-AddProduct?pid=7106089" data-toggle="tooltip" aria-label="Adicionar aos favoritos " data-original-title="Adicionar aos favoritos" data-placement="top">
                        <svg class="active-content" width="100%" height="100%" viewBox="0 0 20 22" fill="none" xmlns="http://www.w3.org/2000/svg">
                        <path fill-rule="evenodd" clip-rule="evenodd" d="M0 1.53052C0 0.685236 0.692171 0 1.54601 0H15.0736C15.9274 0 16.6196 0.685235 16.6196 1.53052V13.4064L15.8127 13.922L14.2658 14.2658L12.7189 13.4064L10.6054 14.3818C10.4994 14.2451 10.3327 14.157 10.1452 14.157H6.76329C6.4431 14.157 6.18354 14.414 6.18354 14.731C6.18354 15.0479 6.4431 15.3049 6.76329 15.3049H10.1452C10.2478 15.3049 10.3441 15.2785 10.4277 15.2322L10.3126 16.8439L13.2345 20.2793H1.54601C0.69217 20.2793 0 19.5941 0 18.7488V1.53052ZM6.18354 5.5483C6.18354 5.23132 6.4431 4.97436 6.76329 4.97436H12.3676C12.6878 4.97436 12.9473 5.23132 12.9473 5.5483C12.9473 5.86528 12.6878 6.12224 12.3676 6.12224H6.76329C6.4431 6.12224 6.18354 5.86528 6.18354 5.5483ZM6.76329 11.0961C6.4431 11.0961 6.18354 11.3531 6.18354 11.6701C6.18354 11.987 6.4431 12.244 6.76329 12.244H12.3676C12.6878 12.244 12.9473 11.987 12.9473 11.6701C12.9473 11.3531 12.6878 11.0961 12.3676 11.0961H6.76329ZM6.18354 8.60985C6.18354 8.29287 6.4431 8.03591 6.76329 8.03591H12.3676C12.6878 8.03591 12.9473 8.29287 12.9473 8.60985C12.9473 8.92684 12.6878 9.1838 12.3676 9.1838H6.76329C6.4431 9.1838 6.18354 8.92684 6.18354 8.60985ZM3.67118 5.5483C3.67118 5.23132 3.93075 4.97436 4.25093 4.97436H4.63743C4.95762 4.97436 5.21719 5.23132 5.21719 5.5483C5.21719 5.86528 4.95762 6.12224 4.63743 6.12224H4.25093C3.93075 6.12224 3.67118 5.86528 3.67118 5.5483ZM4.25093 11.0961C3.93075 11.0961 3.67118 11.3531 3.67118 11.6701C3.67118 11.987 3.93075 12.244 4.25093 12.244H4.63743C4.95762 12.244 5.21719 11.987 5.21719 11.6701C5.21719 11.3531 4.95762 11.0961 4.63743 11.0961H4.25093ZM3.67118 8.60985C3.67118 8.29287 3.93075 8.03591 4.25093 8.03591H4.63743C4.95762 8.03591 5.21719 8.29287 5.21719 8.60985C5.21719 8.92684 4.95762 9.1838 4.63743 9.1838H4.25093C3.93075 9.1838 3.67118 8.92684 3.67118 8.60985ZM4.25093 14.157C3.93075 14.157 3.67118 14.414 3.67118 14.731C3.67118 15.0479 3.93075 15.3049 4.25093 15.3049H4.63743C4.95762 15.3049 5.21719 15.0479 5.21719 14.731C5.21719 14.414 4.95762 14.157 4.63743 14.157H4.25093Z" fill="#EB0203"></path>
                        <path fill-rule="evenodd" clip-rule="evenodd" d="M14.6252 13.6363C13.4918 12.6215 11.7817 12.5264 10.6569 13.4792C9.12421 14.7764 9.34841 16.8912 10.4409 18.0122L14.0159 21.6742C14.2197 21.8832 14.4928 22 14.7822 22C15.0737 22 15.3448 21.8852 15.5486 21.6762L19.1236 18.0142C20.214 16.8933 20.4423 14.7785 18.9075 13.4792C17.7827 12.5283 16.0724 12.6217 14.9391 13.6365C14.8855 13.6845 14.8331 13.7345 14.7822 13.7866C14.7313 13.7345 14.6789 13.6843 14.6252 13.6363ZM18.1546 14.3522C19.0973 15.1508 18.9962 16.4896 18.2891 17.2173C18.2888 17.2175 18.2886 17.2177 18.2884 17.218L14.7832 20.8084L11.2753 17.2151C11.2752 17.215 11.2751 17.2149 11.2749 17.2148C10.5677 16.4887 10.4678 15.1495 11.4104 14.3518L11.4108 14.3514C12.0745 13.7892 13.2018 13.82 13.9488 14.5846L14.7822 15.4378L15.6157 14.5846C16.3617 13.8211 17.4896 13.79 18.1545 14.3521" fill="#EB0203"></path>
                        </svg>
                        <svg class="inactive-content" width="100%" height="100%" viewBox="0 0 20 23" fill="none" xmlns="http://www.w3.org/2000/svg">
                        <path fill-rule="evenodd" clip-rule="evenodd" d="M6.18408 5.77914C6.18408 5.46223 6.44363 5.20532 6.7638 5.20532H12.3678C12.6879 5.20532 12.9475 5.46223 12.9475 5.77914C12.9475 6.09606 12.6879 6.35297 12.3678 6.35297H6.7638C6.44363 6.35297 6.18408 6.09606 6.18408 5.77914Z" fill="#EB0203"></path>
                        <path fill-rule="evenodd" clip-rule="evenodd" d="M6.18408 11.9034C6.18408 11.5865 6.44363 11.3296 6.7638 11.3296H12.3678C12.6879 11.3296 12.9475 11.5865 12.9475 11.9034C12.9475 12.2202 12.6879 12.4771 12.3678 12.4771H6.7638C6.44363 12.4771 6.18408 12.2202 6.18408 11.9034Z" fill="#EB0203"></path>
                        <path fill-rule="evenodd" clip-rule="evenodd" d="M6.18408 8.84116C6.18408 8.52424 6.44363 8.26733 6.7638 8.26733H12.3678C12.6879 8.26733 12.9475 8.52424 12.9475 8.84116C12.9475 9.15807 12.6879 9.41498 12.3678 9.41498H6.7638C6.44363 9.41498 6.18408 9.15807 6.18408 8.84116Z" fill="#EB0203"></path>
                        <path fill-rule="evenodd" clip-rule="evenodd" d="M6.18408 14.9655C6.18408 14.6486 6.44363 14.3917 6.7638 14.3917H10.1455C10.4657 14.3917 10.7252 14.6486 10.7252 14.9655C10.7252 15.2825 10.4657 15.5394 10.1455 15.5394H6.7638C6.44363 15.5394 6.18408 15.2825 6.18408 14.9655Z" fill="#EB0203"></path>
                        <path fill-rule="evenodd" clip-rule="evenodd" d="M3.67139 5.77914C3.67139 5.46223 3.93094 5.20532 4.25111 5.20532H4.63759C4.95776 5.20532 5.21731 5.46223 5.21731 5.77914C5.21731 6.09606 4.95776 6.35297 4.63759 6.35297H4.25111C3.93094 6.35297 3.67139 6.09606 3.67139 5.77914Z" fill="#EB0203"></path>
                        <path fill-rule="evenodd" clip-rule="evenodd" d="M3.67139 11.9034C3.67139 11.5865 3.93094 11.3296 4.25111 11.3296H4.63759C4.95776 11.3296 5.21731 11.5865 5.21731 11.9034C5.21731 12.2202 4.95776 12.4771 4.63759 12.4771H4.25111C3.93094 12.4771 3.67139 12.2202 3.67139 11.9034Z" fill="#EB0203"></path>
                        <path fill-rule="evenodd" clip-rule="evenodd" d="M3.67139 8.84116C3.67139 8.52424 3.93094 8.26733 4.25111 8.26733H4.63759C4.95776 8.26733 5.21731 8.52424 5.21731 8.84116C5.21731 9.15807 4.95776 9.41498 4.63759 9.41498H4.25111C3.93094 9.41498 3.67139 9.15807 3.67139 8.84116Z" fill="#EB0203"></path>
                        <path fill-rule="evenodd" clip-rule="evenodd" d="M3.67139 14.9655C3.67139 14.6486 3.93094 14.3917 4.25111 14.3917H4.63759C4.95776 14.3917 5.21731 14.6486 5.21731 14.9655C5.21731 15.2825 4.95776 15.5394 4.63759 15.5394H4.25111C3.93094 15.5394 3.67139 15.2825 3.67139 14.9655Z" fill="#EB0203"></path>
                        <path fill-rule="evenodd" clip-rule="evenodd" d="M0 1.76033C0 0.914738 0.692131 0.229248 1.54592 0.229248H15.0727C15.9265 0.229248 16.6186 0.914738 16.6186 1.76033V11.2818C16.6186 11.5989 16.3591 11.8559 16.0389 11.8559C15.7187 11.8559 15.4592 11.5989 15.4592 11.2818V1.76033C15.4592 1.54893 15.2862 1.37756 15.0727 1.37756H1.54592C1.33247 1.37756 1.15944 1.54893 1.15944 1.76033V18.985C1.15944 19.1964 1.33247 19.3678 1.54592 19.3678H9.27551C9.59568 19.3678 9.85523 19.6249 9.85523 19.942C9.85523 20.2591 9.59568 20.5161 9.27551 20.5161H1.54592C0.692131 20.5161 0 19.8306 0 18.985V1.76033Z" fill="#EB0203"></path>
                        <path fill-rule="evenodd" clip-rule="evenodd" d="M14.6254 13.8718C13.4921 12.8567 11.7821 12.7615 10.6574 13.7147C9.12472 15.0124 9.34891 17.128 10.4413 18.2493L14.0161 21.9126C14.2199 22.1217 14.493 22.2386 14.7824 22.2386C15.0739 22.2386 15.3449 22.1238 15.5487 21.9147L19.1235 18.2514C20.2139 17.13 20.4422 15.0144 18.9075 13.7147C17.7827 12.7634 16.0726 12.8569 14.9392 13.872C14.8856 13.92 14.8333 13.9701 14.7824 14.0222C14.7314 13.97 14.6791 13.9199 14.6254 13.8718ZM18.1546 14.588C19.0972 15.3869 18.9961 16.7262 18.2891 17.4541C18.2888 17.4543 18.2886 17.4546 18.2884 17.4548L14.7834 21.0466L11.2757 17.452C11.2756 17.4519 11.2755 17.4517 11.2753 17.4516C10.5681 16.7252 10.4682 15.3856 11.4108 14.5876L11.4112 14.5872C12.0748 14.0248 13.202 14.0556 13.949 14.8205L14.7824 15.674L15.6158 14.8205C16.3618 14.0567 17.4896 14.0256 18.1545 14.5879" fill="#EB0203"></path>
                        </svg>
                        </button>
                        </div>
                        </div>
                        <p class="ct-tile--brand">Lay's Gourmet</p>
                        <p class="ct-tile--quantity">emb. 150 gr</p>
                        </div>
                        <div class="ct-tile-bottom row no-gutters justify-content-between">
                        <div class="ct-price-wrap col-8 col-sm-12">
                        <div class="price js-product-price">
                        <div class="prices-wrapper">
                        <span class="sales ct-tile--price-primary ">
                        <span class="value" content="1.48">
                        <span class="ct-price-formatted">
                        €1,48
                        </span>
                        <span class="ct-m-unit">
                        /un
                        </span>
                        
                        </span>
                        </span>
                        </div>
                        <div class="ct-tile--price-secondary">
                        <span class="ct-price-value">
                        €9,87
                        </span>
                        <span class="ct-m-unit">
                        /kg
                        </span>
                        </div>
                        <p class="ct-discount-amount ct-discount-amount-pvpr">PVP Recomendado: €2,29/un</p>
                        </div>
                        </div>
                        <div class="ct-tile-buy-section d-flex justify-content-center no-gutters col-auto col-sm-12">
                        <div class="col-2 d-sm-flex d-none">
                        <button class="wishlist-toggler guest-mode inactive button button--tertiary" data-pid="7106089" data-add-url="https://www.continente.pt/on/demandware.store/Sites-continente-Site/default/Wishlist-AddProduct?pid=7106089" data-toggle="tooltip" aria-label="Adicionar aos favoritos " data-original-title="Adicionar aos favoritos" data-placement="top">
                        <svg class="active-content" width="100%" height="100%" viewBox="0 0 20 22" fill="none" xmlns="http://www.w3.org/2000/svg">
                        <path fill-rule="evenodd" clip-rule="evenodd" d="M0 1.53052C0 0.685236 0.692171 0 1.54601 0H15.0736C15.9274 0 16.6196 0.685235 16.6196 1.53052V13.4064L15.8127 13.922L14.2658 14.2658L12.7189 13.4064L10.6054 14.3818C10.4994 14.2451 10.3327 14.157 10.1452 14.157H6.76329C6.4431 14.157 6.18354 14.414 6.18354 14.731C6.18354 15.0479 6.4431 15.3049 6.76329 15.3049H10.1452C10.2478 15.3049 10.3441 15.2785 10.4277 15.2322L10.3126 16.8439L13.2345 20.2793H1.54601C0.69217 20.2793 0 19.5941 0 18.7488V1.53052ZM6.18354 5.5483C6.18354 5.23132 6.4431 4.97436 6.76329 4.97436H12.3676C12.6878 4.97436 12.9473 5.23132 12.9473 5.5483C12.9473 5.86528 12.6878 6.12224 12.3676 6.12224H6.76329C6.4431 6.12224 6.18354 5.86528 6.18354 5.5483ZM6.76329 11.0961C6.4431 11.0961 6.18354 11.3531 6.18354 11.6701C6.18354 11.987 6.4431 12.244 6.76329 12.244H12.3676C12.6878 12.244 12.9473 11.987 12.9473 11.6701C12.9473 11.3531 12.6878 11.0961 12.3676 11.0961H6.76329ZM6.18354 8.60985C6.18354 8.29287 6.4431 8.03591 6.76329 8.03591H12.3676C12.6878 8.03591 12.9473 8.29287 12.9473 8.60985C12.9473 8.92684 12.6878 9.1838 12.3676 9.1838H6.76329C6.4431 9.1838 6.18354 8.92684 6.18354 8.60985ZM3.67118 5.5483C3.67118 5.23132 3.93075 4.97436 4.25093 4.97436H4.63743C4.95762 4.97436 5.21719 5.23132 5.21719 5.5483C5.21719 5.86528 4.95762 6.12224 4.63743 6.12224H4.25093C3.93075 6.12224 3.67118 5.86528 3.67118 5.5483ZM4.25093 11.0961C3.93075 11.0961 3.67118 11.3531 3.67118 11.6701C3.67118 11.987 3.93075 12.244 4.25093 12.244H4.63743C4.95762 12.244 5.21719 11.987 5.21719 11.6701C5.21719 11.3531 4.95762 11.0961 4.63743 11.0961H4.25093ZM3.67118 8.60985C3.67118 8.29287 3.93075 8.03591 4.25093 8.03591H4.63743C4.95762 8.03591 5.21719 8.29287 5.21719 8.60985C5.21719 8.92684 4.95762 9.1838 4.63743 9.1838H4.25093C3.93075 9.1838 3.67118 8.92684 3.67118 8.60985ZM4.25093 14.157C3.93075 14.157 3.67118 14.414 3.67118 14.731C3.67118 15.0479 3.93075 15.3049 4.25093 15.3049H4.63743C4.95762 15.3049 5.21719 15.0479 5.21719 14.731C5.21719 14.414 4.95762 14.157 4.63743 14.157H4.25093Z" fill="#EB0203"></path>
                        <path fill-rule="evenodd" clip-rule="evenodd" d="M14.6252 13.6363C13.4918 12.6215 11.7817 12.5264 10.6569 13.4792C9.12421 14.7764 9.34841 16.8912 10.4409 18.0122L14.0159 21.6742C14.2197 21.8832 14.4928 22 14.7822 22C15.0737 22 15.3448 21.8852 15.5486 21.6762L19.1236 18.0142C20.214 16.8933 20.4423 14.7785 18.9075 13.4792C17.7827 12.5283 16.0724 12.6217 14.9391 13.6365C14.8855 13.6845 14.8331 13.7345 14.7822 13.7866C14.7313 13.7345 14.6789 13.6843 14.6252 13.6363ZM18.1546 14.3522C19.0973 15.1508 18.9962 16.4896 18.2891 17.2173C18.2888 17.2175 18.2886 17.2177 18.2884 17.218L14.7832 20.8084L11.2753 17.2151C11.2752 17.215 11.2751 17.2149 11.2749 17.2148C10.5677 16.4887 10.4678 15.1495 11.4104 14.3518L11.4108 14.3514C12.0745 13.7892 13.2018 13.82 13.9488 14.5846L14.7822 15.4378L15.6157 14.5846C16.3617 13.8211 17.4896 13.79 18.1545 14.3521" fill="#EB0203"></path>
                        </svg>
                        <svg class="inactive-content" width="100%" height="100%" viewBox="0 0 20 23" fill="none" xmlns="http://www.w3.org/2000/svg">
                        <path fill-rule="evenodd" clip-rule="evenodd" d="M6.18408 5.77914C6.18408 5.46223 6.44363 5.20532 6.7638 5.20532H12.3678C12.6879 5.20532 12.9475 5.46223 12.9475 5.77914C12.9475 6.09606 12.6879 6.35297 12.3678 6.35297H6.7638C6.44363 6.35297 6.18408 6.09606 6.18408 5.77914Z" fill="#EB0203"></path>
                        <path fill-rule="evenodd" clip-rule="evenodd" d="M6.18408 11.9034C6.18408 11.5865 6.44363 11.3296 6.7638 11.3296H12.3678C12.6879 11.3296 12.9475 11.5865 12.9475 11.9034C12.9475 12.2202 12.6879 12.4771 12.3678 12.4771H6.7638C6.44363 12.4771 6.18408 12.2202 6.18408 11.9034Z" fill="#EB0203"></path>
                        <path fill-rule="evenodd" clip-rule="evenodd" d="M6.18408 8.84116C6.18408 8.52424 6.44363 8.26733 6.7638 8.26733H12.3678C12.6879 8.26733 12.9475 8.52424 12.9475 8.84116C12.9475 9.15807 12.6879 9.41498 12.3678 9.41498H6.7638C6.44363 9.41498 6.18408 9.15807 6.18408 8.84116Z" fill="#EB0203"></path>
                        <path fill-rule="evenodd" clip-rule="evenodd" d="M6.18408 14.9655C6.18408 14.6486 6.44363 14.3917 6.7638 14.3917H10.1455C10.4657 14.3917 10.7252 14.6486 10.7252 14.9655C10.7252 15.2825 10.4657 15.5394 10.1455 15.5394H6.7638C6.44363 15.5394 6.18408 15.2825 6.18408 14.9655Z" fill="#EB0203"></path>
                        <path fill-rule="evenodd" clip-rule="evenodd" d="M3.67139 5.77914C3.67139 5.46223 3.93094 5.20532 4.25111 5.20532H4.63759C4.95776 5.20532 5.21731 5.46223 5.21731 5.77914C5.21731 6.09606 4.95776 6.35297 4.63759 6.35297H4.25111C3.93094 6.35297 3.67139 6.09606 3.67139 5.77914Z" fill="#EB0203"></path>
                        <path fill-rule="evenodd" clip-rule="evenodd" d="M3.67139 11.9034C3.67139 11.5865 3.93094 11.3296 4.25111 11.3296H4.63759C4.95776 11.3296 5.21731 11.5865 5.21731 11.9034C5.21731 12.2202 4.95776 12.4771 4.63759 12.4771H4.25111C3.93094 12.4771 3.67139 12.2202 3.67139 11.9034Z" fill="#EB0203"></path>
                        <path fill-rule="evenodd" clip-rule="evenodd" d="M3.67139 8.84116C3.67139 8.52424 3.93094 8.26733 4.25111 8.26733H4.63759C4.95776 8.26733 5.21731 8.52424 5.21731 8.84116C5.21731 9.15807 4.95776 9.41498 4.63759 9.41498H4.25111C3.93094 9.41498 3.67139 9.15807 3.67139 8.84116Z" fill="#EB0203"></path>
                        <path fill-rule="evenodd" clip-rule="evenodd" d="M3.67139 14.9655C3.67139 14.6486 3.93094 14.3917 4.25111 14.3917H4.63759C4.95776 14.3917 5.21731 14.6486 5.21731 14.9655C5.21731 15.2825 4.95776 15.5394 4.63759 15.5394H4.25111C3.93094 15.5394 3.67139 15.2825 3.67139 14.9655Z" fill="#EB0203"></path>
                        <path fill-rule="evenodd" clip-rule="evenodd" d="M0 1.76033C0 0.914738 0.692131 0.229248 1.54592 0.229248H15.0727C15.9265 0.229248 16.6186 0.914738 16.6186 1.76033V11.2818C16.6186 11.5989 16.3591 11.8559 16.0389 11.8559C15.7187 11.8559 15.4592 11.5989 15.4592 11.2818V1.76033C15.4592 1.54893 15.2862 1.37756 15.0727 1.37756H1.54592C1.33247 1.37756 1.15944 1.54893 1.15944 1.76033V18.985C1.15944 19.1964 1.33247 19.3678 1.54592 19.3678H9.27551C9.59568 19.3678 9.85523 19.6249 9.85523 19.942C9.85523 20.2591 9.59568 20.5161 9.27551 20.5161H1.54592C0.692131 20.5161 0 19.8306 0 18.985V1.76033Z" fill="#EB0203"></path>
                        <path fill-rule="evenodd" clip-rule="evenodd" d="M14.6254 13.8718C13.4921 12.8567 11.7821 12.7615 10.6574 13.7147C9.12472 15.0124 9.34891 17.128 10.4413 18.2493L14.0161 21.9126C14.2199 22.1217 14.493 22.2386 14.7824 22.2386C15.0739 22.2386 15.3449 22.1238 15.5487 21.9147L19.1235 18.2514C20.2139 17.13 20.4422 15.0144 18.9075 13.7147C17.7827 12.7634 16.0726 12.8569 14.9392 13.872C14.8856 13.92 14.8333 13.9701 14.7824 14.0222C14.7314 13.97 14.6791 13.9199 14.6254 13.8718ZM18.1546 14.588C19.0972 15.3869 18.9961 16.7262 18.2891 17.4541C18.2888 17.4543 18.2886 17.4546 18.2884 17.4548L14.7834 21.0466L11.2757 17.452C11.2756 17.4519 11.2755 17.4517 11.2753 17.4516C10.5681 16.7252 10.4682 15.3856 11.4108 14.5876L11.4112 14.5872C12.0748 14.0248 13.202 14.0556 13.949 14.8205L14.7824 15.674L15.6158 14.8205C16.3618 14.0567 17.4896 14.0256 18.1545 14.5879" fill="#EB0203"></path>
                        </svg>
                        </button>
                        </div>
                        <div class="col-sm-10 col-12">
                        <div class="ct-tile-quantity d-none" data-pid="7106089">
                        <input type="hidden" class="add-to-cart-url" value="https://www.continente.pt/on/demandware.store/Sites-continente-Site/default/Cart-AddProduct">
                        <div class="d-none tile-delete-confirmation-btn" data-pid="7106089" data-delay-time="3000" data-in-cart-msg="no carrinho" data-one-product-added="Adicionado ao carrinho" data-remove-from-cart-msg="Removido do carrinho" data-stay-open="6000.0" data-confirmation-image="{&quot;url&quot;:&quot;https://www.continente.pt/dw/image/v2/BDVS_PRD/on/demandware.static/-/Sites-col-master-catalog/default/dw2ccb81cd/images/col/710/7106089-frente.jpg?sw=87&amp;sh=80&quot;,&quot;fallbackimage&quot;:{&quot;url&quot;:&quot;https://www.continente.pt/dw/image/v2/BDVS_PRD/on/demandware.static/Sites-continente-Site/-/default/dw7c42b4da/images/noimagelarge_product.png?sw=87&amp;sh=80&quot;,&quot;title&quot;:&quot;Batata Frita Gourmet Lisa Corte Fino&quot;,&quot;alt&quot;:&quot;Batata Frita Gourmet Lisa Corte Fino&quot;},&quot;title&quot;:&quot;Batata Frita Gourmet Lisa Corte Fino&quot;,&quot;alt&quot;:&quot;Batata Frita Gourmet Lisa Corte Fino&quot;}"></div>
                        <div class="ct-tile-quantity-update quantity-update product-qty-vue" data-remove-action="https://www.continente.pt/on/demandware.store/Sites-continente-Site/default/Cart-RemoveProductLineItem" data-action="https://www.continente.pt/on/demandware.store/Sites-continente-Site/default/Cart-UpdateQuantity" data-dimension-update="https://www.continente.pt/on/demandware.store/Sites-continente-Site/default/Cart-DimensionUpdate" data-pid="7106089" data-uuid="8b4a8df01ac694d731981eddbc" data-add-delay="500.0" data-measure-options="{&quot;hasConversionRate&quot;:false,&quot;hasAlternativeSaleUnit&quot;:false,&quot;unitConversionRate&quot;:null,&quot;minOrderQuantity&quot;:1,&quot;stepQuantity&quot;:1,&quot;primaryunit&quot;:&quot;un&quot;,&quot;secondaryunit&quot;:&quot;kg&quot;,&quot;selectedunit&quot;:&quot;primary&quot;,&quot;maxNumberOfUnitsPerSale&quot;:50}" data-price-available="null" :data-has-error="isMaxQtyReached || isMinQtyReached || qtySelectedMoreThanOne">
                        <template v-show="prodUnits">
                        <div class="quantity-input-wrapper has-units">
                        <label class="visually-hidden" :for="'quantity-' + pid + additionalTag">
                        Quantidade no carrinho
                        </label>
                        <input :ref="'quantityInput-' + pid + additionalTag" class="add-to-cart-quantity form-control ct-form-input text-center" inputmode="numeric" :class="{'is-invalid': isInvalid}" :data-pid="pid + additionalTag" :name="'quantity-' + pid + additionalTag" type="text" aria-label="Insira a quantidade" title="" v-model="displayValue" @change="updateQuantity" @focus="updateQtyFormat" @blur="restoreQtyFormat" :disabled="!isPriceAvailable">
                        <span class="quantity-icon quantity-icon--minus">
                        <button class="decrease-quantity-btn" @click="updateQuantity" :disabled="!isPriceAvailable" role="button" aria-label="Reduzir quantidade">
                        <i class="css-math-minus"></i>
                        </button>
                        </span>
                        <span class="quantity-icon quantity-icon--plus">
                        <button class="increase-quantity-btn" @click="updateQuantity" :disabled="isMaxQtyReached || !isPriceAvailable" role="button" aria-label="Aumentar quantidade">
                        <i class="css-math-plus"></i>
                        </button>
                        <span class="quantity-btn-disabled-placeholder"></span>
                        </span>
                        <template v-if="isPDP">
                        <span class="quantity-error ct-span-error text-sm-center product-max-allocation" v-if="isMaxQtyReached">
                        Quantidade máxima atingida
                        </span>
                        <span class="quantity-error ct-span-product text-sm-center product-allocation" v-if="!isMinQtyReached &amp;&amp; !isMaxQtyReached">
                        {{quantitySelected}} no carrinho
                        </span>
                        <span class="quantity-error ct-span-error text-sm-center product-min-allocation" :data-pid="pid" v-if="isMinQtyReached &amp;&amp; !isMaxQtyReached">
                        Quantidade mínima atingida
                        </span>
                        </template>
                        </div>
                        <template v-if="showNotes">
                        <div class="add-note-link-container ">
                        <div class="add-note">
                        <a href="/produto/batata-frita-gourmet-lisa-corte-fino-lays-gourmet-7106089.html?showNote=true" class="ct-add-note-redirect-pdp" aria-label="Adicionar comentário">
                        <span class="svg-wrapper svg-icon-notes" style="width:19px; height:20px">
                        <svg class="svg-inline icon-notes" viewBox="0 0 28 30" xmlns="http://www.w3.org/2000/svg" width="100%" height="100%"><path d="M21.738 0C22.985 0 24 1.04 24 2.319V12.47c0 .469-.37.848-.828.848-.457 0-.827-.38-.827-.848V2.32c0-.343-.273-.622-.607-.622H2.262c-.334 0-.607.279-.607.622V27.68c0 .343.273.622.607.622h7.81c.457 0 .827.38.827.849 0 .468-.37.848-.827.848h-7.81C1.015 30 0 28.96 0 27.681V2.32C0 1.04 1.015 0 2.262 0h19.476zm2.844 16.004l.227.007c.823.053 1.589.39 2.176.964.64.627.993 1.46.993 2.349 0 .888-.353 1.722-.993 2.348l-6.83 6.665c-.11.108-.247.186-.397.226l-5.032 1.363c-.078.021-.16.032-.241.032-.242 0-.478-.097-.647-.266-.23-.231-.314-.566-.218-.874l1.49-4.798c.044-.139.122-.266.227-.369l6.844-6.677c.64-.625 1.493-.97 2.401-.97zm-2.886 3.94l-4.922 4.802-.947 3.048 3.22-.872 4.897-4.78-2.248-2.197zm2.887-2.174c-.425 0-.824.162-1.124.455l-.484.472 2.248 2.197.484-.472c.62-.606.62-1.591 0-2.197l-.117-.104c-.283-.227-.636-.35-1.007-.35zm-10.839.022c.498 0 .904.396.904.883 0 .488-.406.884-.904.884H5.946c-.499 0-.904-.396-.904-.884 0-.487.405-.883.904-.883zm5.042-4.876c.498 0 .904.397.904.884s-.406.884-.904.884H5.946c-.499 0-.904-.397-.904-.884s.405-.884.904-.884zm0-4.875c.498 0 .904.396.904.884 0 .487-.406.883-.904.883H5.946c-.499 0-.904-.396-.904-.883 0-.488.405-.884.904-.884z" fill="#EB0203" fill-rule="evenodd"></path></svg>
                        </span>
                        <div class="available-note d-none"></div>
                        </a>
                        </div>
                        </div>
                        </template>
                        <div class="measurement-unit-section" v-if="isPriceAvailable &amp;&amp; prodUnits ? prodUnits.hasAlternativeUnit : false">
                        <div class="ct-form-radio" @click="setDimension">
                        <input type="radio" title="" class="ct-form-check-input product-measurement-unit" :data-type="prodUnits.selectedUnit == prodUnits.secondaryUnit ? 'primary' : ''" :id="prodUnits.secondaryUnit + '-' + pid + '-measurement-unit-ptile' + additionalTag" :name="'measurement-unit-' + pid + '-ptile' + additionalTag" :value="prodUnits.secondaryUnit" v-model="prodUnits.selectedUnit">
                        <label :class="prodUnits.secondaryUnit + '-label ct-form-check-label mb-0'" :for="prodUnits.secondaryUnit + '-' + pid + '-measurement-unit-ptile' + additionalTag">
                        {{prodUnits.secondaryUnit}}
                        </label>
                        <span class="checkmark"></span>
                        </div>
                        <div class="ct-form-radio" @click="setDimension">
                         <input type="radio" title="" class="ct-form-check-input product-measurement-unit" :data-type="prodUnits.selectedUnit == prodUnits.primaryUnit ? 'primary' : ''" :id="prodUnits.primaryUnit + '-' + pid + '-measurement-unit-ptile' + additionalTag" :name="'measurement-unit-' + pid + '-ptile' + additionalTag" :value="prodUnits.primaryUnit" v-model="prodUnits.selectedUnit">
                        <label :class="prodUnits.primaryUnit + '-label ct-form-check-label mb-0'" :for="prodUnits.primaryUnit + '-' + pid + '-measurement-unit-ptile' + additionalTag">
                        {{prodUnits.primaryUnit}}
                        </label>
                        <span class="checkmark"></span>
                        </div>
                        </div>
                        <template v-if="!isPDP &amp;&amp; isPriceAvailable">
                        <span class="quantity-error ct-span-error product-max-allocation" v-if="isMaxQtyReached">
                        Quantidade máxima atingida
                        </span>
                        <span class="quantity-error ct-span-product product-allocation" v-if="!isMinQtyReached &amp;&amp; !isMaxQtyReached">
                        {{quantitySelected}} no carrinho
                        </span>
                        <span class="quantity-error ct-span-error product-min-allocation" :data-pid="pid" v-if="isMinQtyReached &amp;&amp; !isMaxQtyReached">
                        Quantidade mínima atingida
                        </span>
                        </template>
                        </template>
                        </div>
                        <input class="quantity-value-mask d-none" name="quantity" type="number" min="0" value="">
                        </div>
                        <button type="button" class="add-to-cart button js-add-to-cart js-add-to-cart-tile 7106089 button--primary dynamic-layout-btn" data-toggle="modal" data-target="#chooseBonusProductModal" data-pid="7106089" data-quantity-value="null" aria-label="Carrinho">
                        <span class="d-block d-sm-none">
                        <span class="svg-wrapper svg-icon-cart" style="width:20px; height:20px">
                        <svg class="svg-inline icon-cart" xmlns="http://www.w3.org/2000/svg" viewBox="0 0 500 500" width="100%" height="100%"><path fill="#EB0203" fill-rule="evenodd" d="M 485.67317,94.386311 C 476.37798,83.847129 463.09468,78.03348 448.30404,78.03348 H 90.690813 L 87.079511,51.327997 C 83.185582,22.539551 62.962285,0 41.011841,0 H 14.727836 C 6.563151,0 0,6.5286975 0,14.580758 c 0,8.05206 6.5945535,14.580758 14.727836,14.580758 h 26.284005 c 4.710398,0 14.696435,9.855222 16.894619,26.021523 L 100.01739,368.0631 c 1.88416,13.77244 9.01256,26.70549 20.1605,36.37417 8.25889,7.15046 18.02511,11.9071 28.26237,13.89679 -4.17655,7.58572 -6.53175,16.25957 -6.53175,25.493 0,29.53459 24.27424,53.59751 54.13815,53.59751 29.8325,0 54.13814,-24.03184 54.13814,-53.59751 0,-8.79818 -2.19818,-17.09897 -5.9979,-24.43598 h 77.12488 c -3.79973,7.33701 -5.96652,15.6378 -5.96652,24.43598 0,29.53459 24.27424,53.59751 54.13817,53.59751 29.83249,0 54.13814,-24.03184 54.13814,-53.59751 0,-8.79818 -2.1982,-17.09897 -5.9979,-24.43598 h 38.56243 c 8.13328,0 14.72783,-6.5287 14.72783,-14.61183 0,-8.02098 -6.59455,-14.54967 -14.72783,-14.54967 H 159.24277 c -14.38241,0 -28.13677,-11.90711 -30.02092,-26.02153 l -3.07746,-22.88154 h 290.6314 c 14.03698,0 27.94834,-5.28513 39.06488,-14.95381 11.11652,-9.6376 18.27632,-22.57065 20.16048,-36.37417 l 21.10259,-156.78201 c 1.94694,-14.51858 -2.10398,-28.29103 -11.43057,-38.861299 z M 220.76053,443.82706 c 0,13.49265 -11.08513,24.46709 -24.68247,24.46709 -13.62874,0 -24.71387,-10.97444 -24.71387,-24.46709 0,-13.49262 11.08513,-24.43598 24.71387,-24.43598 13.59734,0 24.68247,10.94336 24.68247,24.43598 z m 173.43675,0 c 0,13.49265 -11.08512,24.46709 -24.68245,24.46709 -13.62876,0 -24.71388,-10.97444 -24.71388,-24.46709 0,-13.49262 11.08512,-24.43598 24.71388,-24.43598 13.59733,0 24.68245,10.94336 24.68245,24.43598 z m 73.7648,-314.46558 -21.13397,156.782 c -1.88416,14.11442 -15.63851,26.05261 -30.02091,26.05261 H 122.25046 L 94.616142,107.19499 H 448.33544 c 6.18632,0 11.61896,2.2695 15.23028,6.37326 3.64269,4.13484 5.21283,9.73086 4.39636,15.79323 z"></path></svg>
                        </span>
                        </span>
                        <span class="add-to-cart--text d-none d-sm-block">Carrinho</span>
                        </button>
                        </div>
                        </div>
                        </div>
                        </div>
                        
                        <div class="col-12 d-sm-none">
                        </div>
                        </div>
                        </div>
                        </div>
                        </div>
                        <div class="col-12 col-sm-3 col-lg-2 productTile" data-idx="31">
                        
                        <script type="text/javascript">//<!--
                        /* <![CDATA[ */
                        (function(){
                        try {
                            if(window.CQuotient) {
                            var cq_params = {};
                            
                            cq_params.cookieId = window.CQuotient.getCQCookieId();
                            cq_params.userId = window.CQuotient.getCQUserId();
                            cq_params.emailId = CQuotient.getCQHashedEmail();
                            cq_params.loginId = CQuotient.getCQHashedLogin();
                            cq_params.accumulate = true;
                            cq_params.products = [{
                                id: '5986408',
                                sku: ''
                            }];
                            cq_params.categoryId = 'mercearias';
                            cq_params.refinements = '[{\"name\":\"priceMin\",\"value\":\"0.01\"},{\"name\":\"priceMax\",\"value\":\"null\"},{\"name\":\"curr\",\"value\":\"EUR\"},{\"name\":\"Category\",\"value\":\"mercearias\"}]';
                            cq_params.personalized = 'false';
                            cq_params.sortingRule = 'FOOD_Mercearia';
                            cq_params.imageUUID = '__UNDEFINED__';
                            cq_params.realm = "BDVS";
                            cq_params.siteId = "continente";
                            cq_params.instanceType = "prd";
                            cq_params.queryLocale = "default";
                            cq_params.locale = window.CQuotient.locale;
                            
                            if(window.CQuotient.sendActivity)
                                window.CQuotient.sendActivity(CQuotient.clientId, 'viewCategory', cq_params);
                            else
                                window.CQuotient.activities.push({
                                    activityType: 'viewCategory',
                                    parameters: cq_params
                                });
                          }
                        } catch(err) {}
                        })();
                        /* ]]> */
                        // -->
                        </script>
                        <script type="text/javascript">//<!--
                        /* <![CDATA[ (viewCategoryProduct-active_data.js) */
                        (function(){
                        try {
                            if (dw.ac) {
                                var search_params = {};
                                search_params.persd = 'false';
                                search_params.refs = '[{\"name\":\"priceMin\",\"value\":\"0.01\"},{\"name\":\"priceMax\",\"value\":\"null\"},{\"name\":\"curr\",\"value\":\"EUR\"},{\"name\":\"Category\",\"value\":\"mercearias\"}]';
                                search_params.sort = 'FOOD_Mercearia';
                                search_params.imageUUID = '';
                                search_params.searchID = 'afeeff71-841d-471a-a4b6-1885a5ac2689';
                                search_params.locale = 'default';
                                search_params.queryLocale = 'default';
                                search_params.showProducts = 'true';
                                dw.ac.applyContext({category: "mercearias", searchData: search_params});
                                if (typeof dw.ac._scheduleDataSubmission === "function") {
                                    dw.ac._scheduleDataSubmission();
                                }
                            }
                        } catch(err) {}
                        })();
                        /* ]]> */
                        // -->
                        </script>
                        <script type="text/javascript">//<!--
                        /* <![CDATA[ (viewProduct-active_data.js) */
                        dw.ac._capture({id: "5986408", type: "searchhit"});
                        /* ]]> */
                        // -->
                        </script>
                        <div class="product" data-pid="5986408">
                        <div class="product-tile pid-5986408 ct-product-tile data-layer-pushed" data-delay-time="3000" data-variants-mapping="[]" data-in-cart-msg="no carrinho" data-one-product-added="Adicionado ao carrinho" data-remove-from-cart-msg="Removido do carrinho" data-stay-open="6000.0" data-product-tile-impression="{&quot;name&quot;:&quot;5986408&quot;,&quot;id&quot;:&quot;5986408&quot;,&quot;price&quot;:3.29,&quot;brand&quot;:&quot;Continente&quot;,&quot;category&quot;:[{&quot;category_level_1&quot;:&quot;Mercearia&quot;},{&quot;category_level_2&quot;:&quot;Azeite, Óleo e Vinagre&quot;},{&quot;category_level_3&quot;:&quot;Azeite&quot;}],&quot;variant&quot;:&quot;&quot;}">
                        <div class="ct-inner-tile-wrap row no-gutters justify-content-center align-content-start">
                        
                        <div class="ct-image-container col-4 col-sm" data-confirmation-image="{&quot;url&quot;:&quot;https://www.continente.pt/dw/image/v2/BDVS_PRD/on/demandware.static/-/Sites-col-master-catalog/default/dw2d63070b/images/col/598/5986408-frente.jpg?sw=87&amp;sh=80&quot;,&quot;fallbackimage&quot;:{&quot;url&quot;:&quot;https://www.continente.pt/dw/image/v2/BDVS_PRD/on/demandware.static/Sites-continente-Site/-/default/dw7c42b4da/images/noimagelarge_product.png?sw=87&amp;sh=80&quot;,&quot;title&quot;:&quot;Azeite Virgem Extra&quot;,&quot;alt&quot;:&quot;Azeite Virgem Extra&quot;},&quot;title&quot;:&quot;Azeite Virgem Extra&quot;,&quot;alt&quot;:&quot;Azeite Virgem Extra&quot;}">
                        <a href="https://www.continente.pt/produto/azeite-virgem-extra-continente-5986408.html?cgid=mercearias">
                        <picture class="intrinsic intrinsic--square">
                        <img class="ct-tile-image lazyloaded" loading="lazy" onerror="this.onerror=null;this.src='/on/demandware.static/Sites-continente-Site/-/default/dw7c42b4da/images/noimagelarge_product.png';" data-src="https://www.continente.pt/dw/image/v2/BDVS_PRD/on/demandware.static/-/Sites-col-master-catalog/default/dw2d63070b/images/col/598/5986408-frente.jpg?sw=280&amp;sh=280" alt="Azeite Virgem Extra" title="Azeite Virgem Extra" src="https://www.continente.pt/dw/image/v2/BDVS_PRD/on/demandware.static/-/Sites-col-master-catalog/default/dw2d63070b/images/col/598/5986408-frente.jpg?sw=280&amp;sh=280">
                        </picture>
                        </a>
                        <div class=" ct-product-tile-badge ct-product-tile-badge--general">
                        <img class="img-fluid ct-tooltip-trigger lazyloaded" loading="lazy" data-src="https://www.continente.pt/dw/image/v2/BDVS_PRD/on/demandware.static/-/Sites-continente-Library/default/dw62d4c957/images/badges/general/col/madein.png?sw=25&amp;sh=25" alt="Crachá do produto" title="" data-toggle="tooltip" data-placement="right" data-original-title="Produzido em Portugal" src="https://www.continente.pt/dw/image/v2/BDVS_PRD/on/demandware.static/-/Sites-continente-Library/default/dw62d4c957/images/badges/general/col/madein.png?sw=25&amp;sh=25">
                        </div>
                        <div class="color-swatches d-flex" style="margin-left: 5px;">
                        <div class="swatches d-flex">
                        </div>
                        </div>
                        </div>
                        <div class="ct-tile-body col col-sm-auto ">
                        <div class="ct-pdp-details">
                        <div class="ct-pdp-link">
                        <a class="ct-tile--description" href="https://www.continente.pt/produto/azeite-virgem-extra-continente-5986408.html?cgid=mercearias">Azeite Virgem Extra</a>
                        <div class="ct-tile--favorite-top d-sm-none">
                        <button class="wishlist-toggler guest-mode inactive button button--tertiary" data-pid="5986408" data-add-url="https://www.continente.pt/on/demandware.store/Sites-continente-Site/default/Wishlist-AddProduct?pid=5986408" data-toggle="tooltip" aria-label="Adicionar aos favoritos " data-original-title="Adicionar aos favoritos" data-placement="top">
                        <svg class="active-content" width="100%" height="100%" viewBox="0 0 20 22" fill="none" xmlns="http://www.w3.org/2000/svg">
                        <path fill-rule="evenodd" clip-rule="evenodd" d="M0 1.53052C0 0.685236 0.692171 0 1.54601 0H15.0736C15.9274 0 16.6196 0.685235 16.6196 1.53052V13.4064L15.8127 13.922L14.2658 14.2658L12.7189 13.4064L10.6054 14.3818C10.4994 14.2451 10.3327 14.157 10.1452 14.157H6.76329C6.4431 14.157 6.18354 14.414 6.18354 14.731C6.18354 15.0479 6.4431 15.3049 6.76329 15.3049H10.1452C10.2478 15.3049 10.3441 15.2785 10.4277 15.2322L10.3126 16.8439L13.2345 20.2793H1.54601C0.69217 20.2793 0 19.5941 0 18.7488V1.53052ZM6.18354 5.5483C6.18354 5.23132 6.4431 4.97436 6.76329 4.97436H12.3676C12.6878 4.97436 12.9473 5.23132 12.9473 5.5483C12.9473 5.86528 12.6878 6.12224 12.3676 6.12224H6.76329C6.4431 6.12224 6.18354 5.86528 6.18354 5.5483ZM6.76329 11.0961C6.4431 11.0961 6.18354 11.3531 6.18354 11.6701C6.18354 11.987 6.4431 12.244 6.76329 12.244H12.3676C12.6878 12.244 12.9473 11.987 12.9473 11.6701C12.9473 11.3531 12.6878 11.0961 12.3676 11.0961H6.76329ZM6.18354 8.60985C6.18354 8.29287 6.4431 8.03591 6.76329 8.03591H12.3676C12.6878 8.03591 12.9473 8.29287 12.9473 8.60985C12.9473 8.92684 12.6878 9.1838 12.3676 9.1838H6.76329C6.4431 9.1838 6.18354 8.92684 6.18354 8.60985ZM3.67118 5.5483C3.67118 5.23132 3.93075 4.97436 4.25093 4.97436H4.63743C4.95762 4.97436 5.21719 5.23132 5.21719 5.5483C5.21719 5.86528 4.95762 6.12224 4.63743 6.12224H4.25093C3.93075 6.12224 3.67118 5.86528 3.67118 5.5483ZM4.25093 11.0961C3.93075 11.0961 3.67118 11.3531 3.67118 11.6701C3.67118 11.987 3.93075 12.244 4.25093 12.244H4.63743C4.95762 12.244 5.21719 11.987 5.21719 11.6701C5.21719 11.3531 4.95762 11.0961 4.63743 11.0961H4.25093ZM3.67118 8.60985C3.67118 8.29287 3.93075 8.03591 4.25093 8.03591H4.63743C4.95762 8.03591 5.21719 8.29287 5.21719 8.60985C5.21719 8.92684 4.95762 9.1838 4.63743 9.1838H4.25093C3.93075 9.1838 3.67118 8.92684 3.67118 8.60985ZM4.25093 14.157C3.93075 14.157 3.67118 14.414 3.67118 14.731C3.67118 15.0479 3.93075 15.3049 4.25093 15.3049H4.63743C4.95762 15.3049 5.21719 15.0479 5.21719 14.731C5.21719 14.414 4.95762 14.157 4.63743 14.157H4.25093Z" fill="#EB0203"></path>
                        <path fill-rule="evenodd" clip-rule="evenodd" d="M14.6252 13.6363C13.4918 12.6215 11.7817 12.5264 10.6569 13.4792C9.12421 14.7764 9.34841 16.8912 10.4409 18.0122L14.0159 21.6742C14.2197 21.8832 14.4928 22 14.7822 22C15.0737 22 15.3448 21.8852 15.5486 21.6762L19.1236 18.0142C20.214 16.8933 20.4423 14.7785 18.9075 13.4792C17.7827 12.5283 16.0724 12.6217 14.9391 13.6365C14.8855 13.6845 14.8331 13.7345 14.7822 13.7866C14.7313 13.7345 14.6789 13.6843 14.6252 13.6363ZM18.1546 14.3522C19.0973 15.1508 18.9962 16.4896 18.2891 17.2173C18.2888 17.2175 18.2886 17.2177 18.2884 17.218L14.7832 20.8084L11.2753 17.2151C11.2752 17.215 11.2751 17.2149 11.2749 17.2148C10.5677 16.4887 10.4678 15.1495 11.4104 14.3518L11.4108 14.3514C12.0745 13.7892 13.2018 13.82 13.9488 14.5846L14.7822 15.4378L15.6157 14.5846C16.3617 13.8211 17.4896 13.79 18.1545 14.3521" fill="#EB0203"></path>
                        </svg>
                        <svg class="inactive-content" width="100%" height="100%" viewBox="0 0 20 23" fill="none" xmlns="http://www.w3.org/2000/svg">
                        <path fill-rule="evenodd" clip-rule="evenodd" d="M6.18408 5.77914C6.18408 5.46223 6.44363 5.20532 6.7638 5.20532H12.3678C12.6879 5.20532 12.9475 5.46223 12.9475 5.77914C12.9475 6.09606 12.6879 6.35297 12.3678 6.35297H6.7638C6.44363 6.35297 6.18408 6.09606 6.18408 5.77914Z" fill="#EB0203"></path>
                        <path fill-rule="evenodd" clip-rule="evenodd" d="M6.18408 11.9034C6.18408 11.5865 6.44363 11.3296 6.7638 11.3296H12.3678C12.6879 11.3296 12.9475 11.5865 12.9475 11.9034C12.9475 12.2202 12.6879 12.4771 12.3678 12.4771H6.7638C6.44363 12.4771 6.18408 12.2202 6.18408 11.9034Z" fill="#EB0203"></path>
                        <path fill-rule="evenodd" clip-rule="evenodd" d="M6.18408 8.84116C6.18408 8.52424 6.44363 8.26733 6.7638 8.26733H12.3678C12.6879 8.26733 12.9475 8.52424 12.9475 8.84116C12.9475 9.15807 12.6879 9.41498 12.3678 9.41498H6.7638C6.44363 9.41498 6.18408 9.15807 6.18408 8.84116Z" fill="#EB0203"></path>
                        <path fill-rule="evenodd" clip-rule="evenodd" d="M6.18408 14.9655C6.18408 14.6486 6.44363 14.3917 6.7638 14.3917H10.1455C10.4657 14.3917 10.7252 14.6486 10.7252 14.9655C10.7252 15.2825 10.4657 15.5394 10.1455 15.5394H6.7638C6.44363 15.5394 6.18408 15.2825 6.18408 14.9655Z" fill="#EB0203"></path>
                        <path fill-rule="evenodd" clip-rule="evenodd" d="M3.67139 5.77914C3.67139 5.46223 3.93094 5.20532 4.25111 5.20532H4.63759C4.95776 5.20532 5.21731 5.46223 5.21731 5.77914C5.21731 6.09606 4.95776 6.35297 4.63759 6.35297H4.25111C3.93094 6.35297 3.67139 6.09606 3.67139 5.77914Z" fill="#EB0203"></path>
                        <path fill-rule="evenodd" clip-rule="evenodd" d="M3.67139 11.9034C3.67139 11.5865 3.93094 11.3296 4.25111 11.3296H4.63759C4.95776 11.3296 5.21731 11.5865 5.21731 11.9034C5.21731 12.2202 4.95776 12.4771 4.63759 12.4771H4.25111C3.93094 12.4771 3.67139 12.2202 3.67139 11.9034Z" fill="#EB0203"></path>
                        <path fill-rule="evenodd" clip-rule="evenodd" d="M3.67139 8.84116C3.67139 8.52424 3.93094 8.26733 4.25111 8.26733H4.63759C4.95776 8.26733 5.21731 8.52424 5.21731 8.84116C5.21731 9.15807 4.95776 9.41498 4.63759 9.41498H4.25111C3.93094 9.41498 3.67139 9.15807 3.67139 8.84116Z" fill="#EB0203"></path>
                        <path fill-rule="evenodd" clip-rule="evenodd" d="M3.67139 14.9655C3.67139 14.6486 3.93094 14.3917 4.25111 14.3917H4.63759C4.95776 14.3917 5.21731 14.6486 5.21731 14.9655C5.21731 15.2825 4.95776 15.5394 4.63759 15.5394H4.25111C3.93094 15.5394 3.67139 15.2825 3.67139 14.9655Z" fill="#EB0203"></path>
                        <path fill-rule="evenodd" clip-rule="evenodd" d="M0 1.76033C0 0.914738 0.692131 0.229248 1.54592 0.229248H15.0727C15.9265 0.229248 16.6186 0.914738 16.6186 1.76033V11.2818C16.6186 11.5989 16.3591 11.8559 16.0389 11.8559C15.7187 11.8559 15.4592 11.5989 15.4592 11.2818V1.76033C15.4592 1.54893 15.2862 1.37756 15.0727 1.37756H1.54592C1.33247 1.37756 1.15944 1.54893 1.15944 1.76033V18.985C1.15944 19.1964 1.33247 19.3678 1.54592 19.3678H9.27551C9.59568 19.3678 9.85523 19.6249 9.85523 19.942C9.85523 20.2591 9.59568 20.5161 9.27551 20.5161H1.54592C0.692131 20.5161 0 19.8306 0 18.985V1.76033Z" fill="#EB0203"></path>
                        <path fill-rule="evenodd" clip-rule="evenodd" d="M14.6254 13.8718C13.4921 12.8567 11.7821 12.7615 10.6574 13.7147C9.12472 15.0124 9.34891 17.128 10.4413 18.2493L14.0161 21.9126C14.2199 22.1217 14.493 22.2386 14.7824 22.2386C15.0739 22.2386 15.3449 22.1238 15.5487 21.9147L19.1235 18.2514C20.2139 17.13 20.4422 15.0144 18.9075 13.7147C17.7827 12.7634 16.0726 12.8569 14.9392 13.872C14.8856 13.92 14.8333 13.9701 14.7824 14.0222C14.7314 13.97 14.6791 13.9199 14.6254 13.8718ZM18.1546 14.588C19.0972 15.3869 18.9961 16.7262 18.2891 17.4541C18.2888 17.4543 18.2886 17.4546 18.2884 17.4548L14.7834 21.0466L11.2757 17.452C11.2756 17.4519 11.2755 17.4517 11.2753 17.4516C10.5681 16.7252 10.4682 15.3856 11.4108 14.5876L11.4112 14.5872C12.0748 14.0248 13.202 14.0556 13.949 14.8205L14.7824 15.674L15.6158 14.8205C16.3618 14.0567 17.4896 14.0256 18.1545 14.5879" fill="#EB0203"></path>
                        </svg>
                        </button>
                        </div>
                        </div>
                        <p class="ct-tile--brand">Continente</p>
                        <p class="ct-tile--quantity">emb. 75 cl</p>
                        </div>
                        <div class="ct-tile-bottom row no-gutters justify-content-between">
                        <div class="ct-price-wrap col-8 col-sm-12">
                        <div class="price js-product-price">
                        <div class="prices-wrapper">
                        <span class="sales ct-tile--price-primary ">
                        <span class="value" content="3.29">
                        <span class="ct-price-formatted">
                        €3,29
                        </span>
                        <span class="ct-m-unit">
                        /un
                        </span>
                        </span>
                        </span>
                        </div>
                        <div class="ct-tile--price-secondary">
                        <span class="ct-price-value">
                        €4,39
                        </span>
                        <span class="ct-m-unit">
                        /lt
                        </span>
                        </div>
                        </div>
                        </div>
                        <div class="ct-tile-buy-section d-flex justify-content-center no-gutters col-auto col-sm-12">
                         <div class="col-2 d-sm-flex d-none">
                        <button class="wishlist-toggler guest-mode inactive button button--tertiary" data-pid="5986408" data-add-url="https://www.continente.pt/on/demandware.store/Sites-continente-Site/default/Wishlist-AddProduct?pid=5986408" data-toggle="tooltip" aria-label="Adicionar aos favoritos " data-original-title="Adicionar aos favoritos" data-placement="top">
                        <svg class="active-content" width="100%" height="100%" viewBox="0 0 20 22" fill="none" xmlns="http://www.w3.org/2000/svg">
                        <path fill-rule="evenodd" clip-rule="evenodd" d="M0 1.53052C0 0.685236 0.692171 0 1.54601 0H15.0736C15.9274 0 16.6196 0.685235 16.6196 1.53052V13.4064L15.8127 13.922L14.2658 14.2658L12.7189 13.4064L10.6054 14.3818C10.4994 14.2451 10.3327 14.157 10.1452 14.157H6.76329C6.4431 14.157 6.18354 14.414 6.18354 14.731C6.18354 15.0479 6.4431 15.3049 6.76329 15.3049H10.1452C10.2478 15.3049 10.3441 15.2785 10.4277 15.2322L10.3126 16.8439L13.2345 20.2793H1.54601C0.69217 20.2793 0 19.5941 0 18.7488V1.53052ZM6.18354 5.5483C6.18354 5.23132 6.4431 4.97436 6.76329 4.97436H12.3676C12.6878 4.97436 12.9473 5.23132 12.9473 5.5483C12.9473 5.86528 12.6878 6.12224 12.3676 6.12224H6.76329C6.4431 6.12224 6.18354 5.86528 6.18354 5.5483ZM6.76329 11.0961C6.4431 11.0961 6.18354 11.3531 6.18354 11.6701C6.18354 11.987 6.4431 12.244 6.76329 12.244H12.3676C12.6878 12.244 12.9473 11.987 12.9473 11.6701C12.9473 11.3531 12.6878 11.0961 12.3676 11.0961H6.76329ZM6.18354 8.60985C6.18354 8.29287 6.4431 8.03591 6.76329 8.03591H12.3676C12.6878 8.03591 12.9473 8.29287 12.9473 8.60985C12.9473 8.92684 12.6878 9.1838 12.3676 9.1838H6.76329C6.4431 9.1838 6.18354 8.92684 6.18354 8.60985ZM3.67118 5.5483C3.67118 5.23132 3.93075 4.97436 4.25093 4.97436H4.63743C4.95762 4.97436 5.21719 5.23132 5.21719 5.5483C5.21719 5.86528 4.95762 6.12224 4.63743 6.12224H4.25093C3.93075 6.12224 3.67118 5.86528 3.67118 5.5483ZM4.25093 11.0961C3.93075 11.0961 3.67118 11.3531 3.67118 11.6701C3.67118 11.987 3.93075 12.244 4.25093 12.244H4.63743C4.95762 12.244 5.21719 11.987 5.21719 11.6701C5.21719 11.3531 4.95762 11.0961 4.63743 11.0961H4.25093ZM3.67118 8.60985C3.67118 8.29287 3.93075 8.03591 4.25093 8.03591H4.63743C4.95762 8.03591 5.21719 8.29287 5.21719 8.60985C5.21719 8.92684 4.95762 9.1838 4.63743 9.1838H4.25093C3.93075 9.1838 3.67118 8.92684 3.67118 8.60985ZM4.25093 14.157C3.93075 14.157 3.67118 14.414 3.67118 14.731C3.67118 15.0479 3.93075 15.3049 4.25093 15.3049H4.63743C4.95762 15.3049 5.21719 15.0479 5.21719 14.731C5.21719 14.414 4.95762 14.157 4.63743 14.157H4.25093Z" fill="#EB0203"></path>
                        <path fill-rule="evenodd" clip-rule="evenodd" d="M14.6252 13.6363C13.4918 12.6215 11.7817 12.5264 10.6569 13.4792C9.12421 14.7764 9.34841 16.8912 10.4409 18.0122L14.0159 21.6742C14.2197 21.8832 14.4928 22 14.7822 22C15.0737 22 15.3448 21.8852 15.5486 21.6762L19.1236 18.0142C20.214 16.8933 20.4423 14.7785 18.9075 13.4792C17.7827 12.5283 16.0724 12.6217 14.9391 13.6365C14.8855 13.6845 14.8331 13.7345 14.7822 13.7866C14.7313 13.7345 14.6789 13.6843 14.6252 13.6363ZM18.1546 14.3522C19.0973 15.1508 18.9962 16.4896 18.2891 17.2173C18.2888 17.2175 18.2886 17.2177 18.2884 17.218L14.7832 20.8084L11.2753 17.2151C11.2752 17.215 11.2751 17.2149 11.2749 17.2148C10.5677 16.4887 10.4678 15.1495 11.4104 14.3518L11.4108 14.3514C12.0745 13.7892 13.2018 13.82 13.9488 14.5846L14.7822 15.4378L15.6157 14.5846C16.3617 13.8211 17.4896 13.79 18.1545 14.3521" fill="#EB0203"></path>
                        </svg>
                        <svg class="inactive-content" width="100%" height="100%" viewBox="0 0 20 23" fill="none" xmlns="http://www.w3.org/2000/svg">
                        <path fill-rule="evenodd" clip-rule="evenodd" d="M6.18408 5.77914C6.18408 5.46223 6.44363 5.20532 6.7638 5.20532H12.3678C12.6879 5.20532 12.9475 5.46223 12.9475 5.77914C12.9475 6.09606 12.6879 6.35297 12.3678 6.35297H6.7638C6.44363 6.35297 6.18408 6.09606 6.18408 5.77914Z" fill="#EB0203"></path>
                        <path fill-rule="evenodd" clip-rule="evenodd" d="M6.18408 11.9034C6.18408 11.5865 6.44363 11.3296 6.7638 11.3296H12.3678C12.6879 11.3296 12.9475 11.5865 12.9475 11.9034C12.9475 12.2202 12.6879 12.4771 12.3678 12.4771H6.7638C6.44363 12.4771 6.18408 12.2202 6.18408 11.9034Z" fill="#EB0203"></path>
                        <path fill-rule="evenodd" clip-rule="evenodd" d="M6.18408 8.84116C6.18408 8.52424 6.44363 8.26733 6.7638 8.26733H12.3678C12.6879 8.26733 12.9475 8.52424 12.9475 8.84116C12.9475 9.15807 12.6879 9.41498 12.3678 9.41498H6.7638C6.44363 9.41498 6.18408 9.15807 6.18408 8.84116Z" fill="#EB0203"></path>
                        <path fill-rule="evenodd" clip-rule="evenodd" d="M6.18408 14.9655C6.18408 14.6486 6.44363 14.3917 6.7638 14.3917H10.1455C10.4657 14.3917 10.7252 14.6486 10.7252 14.9655C10.7252 15.2825 10.4657 15.5394 10.1455 15.5394H6.7638C6.44363 15.5394 6.18408 15.2825 6.18408 14.9655Z" fill="#EB0203"></path>
                        <path fill-rule="evenodd" clip-rule="evenodd" d="M3.67139 5.77914C3.67139 5.46223 3.93094 5.20532 4.25111 5.20532H4.63759C4.95776 5.20532 5.21731 5.46223 5.21731 5.77914C5.21731 6.09606 4.95776 6.35297 4.63759 6.35297H4.25111C3.93094 6.35297 3.67139 6.09606 3.67139 5.77914Z" fill="#EB0203"></path>
                        <path fill-rule="evenodd" clip-rule="evenodd" d="M3.67139 11.9034C3.67139 11.5865 3.93094 11.3296 4.25111 11.3296H4.63759C4.95776 11.3296 5.21731 11.5865 5.21731 11.9034C5.21731 12.2202 4.95776 12.4771 4.63759 12.4771H4.25111C3.93094 12.4771 3.67139 12.2202 3.67139 11.9034Z" fill="#EB0203"></path>
                        <path fill-rule="evenodd" clip-rule="evenodd" d="M3.67139 8.84116C3.67139 8.52424 3.93094 8.26733 4.25111 8.26733H4.63759C4.95776 8.26733 5.21731 8.52424 5.21731 8.84116C5.21731 9.15807 4.95776 9.41498 4.63759 9.41498H4.25111C3.93094 9.41498 3.67139 9.15807 3.67139 8.84116Z" fill="#EB0203"></path>
                        <path fill-rule="evenodd" clip-rule="evenodd" d="M3.67139 14.9655C3.67139 14.6486 3.93094 14.3917 4.25111 14.3917H4.63759C4.95776 14.3917 5.21731 14.6486 5.21731 14.9655C5.21731 15.2825 4.95776 15.5394 4.63759 15.5394H4.25111C3.93094 15.5394 3.67139 15.2825 3.67139 14.9655Z" fill="#EB0203"></path>
                        <path fill-rule="evenodd" clip-rule="evenodd" d="M0 1.76033C0 0.914738 0.692131 0.229248 1.54592 0.229248H15.0727C15.9265 0.229248 16.6186 0.914738 16.6186 1.76033V11.2818C16.6186 11.5989 16.3591 11.8559 16.0389 11.8559C15.7187 11.8559 15.4592 11.5989 15.4592 11.2818V1.76033C15.4592 1.54893 15.2862 1.37756 15.0727 1.37756H1.54592C1.33247 1.37756 1.15944 1.54893 1.15944 1.76033V18.985C1.15944 19.1964 1.33247 19.3678 1.54592 19.3678H9.27551C9.59568 19.3678 9.85523 19.6249 9.85523 19.942C9.85523 20.2591 9.59568 20.5161 9.27551 20.5161H1.54592C0.692131 20.5161 0 19.8306 0 18.985V1.76033Z" fill="#EB0203"></path>
                        <path fill-rule="evenodd" clip-rule="evenodd" d="M14.6254 13.8718C13.4921 12.8567 11.7821 12.7615 10.6574 13.7147C9.12472 15.0124 9.34891 17.128 10.4413 18.2493L14.0161 21.9126C14.2199 22.1217 14.493 22.2386 14.7824 22.2386C15.0739 22.2386 15.3449 22.1238 15.5487 21.9147L19.1235 18.2514C20.2139 17.13 20.4422 15.0144 18.9075 13.7147C17.7827 12.7634 16.0726 12.8569 14.9392 13.872C14.8856 13.92 14.8333 13.9701 14.7824 14.0222C14.7314 13.97 14.6791 13.9199 14.6254 13.8718ZM18.1546 14.588C19.0972 15.3869 18.9961 16.7262 18.2891 17.4541C18.2888 17.4543 18.2886 17.4546 18.2884 17.4548L14.7834 21.0466L11.2757 17.452C11.2756 17.4519 11.2755 17.4517 11.2753 17.4516C10.5681 16.7252 10.4682 15.3856 11.4108 14.5876L11.4112 14.5872C12.0748 14.0248 13.202 14.0556 13.949 14.8205L14.7824 15.674L15.6158 14.8205C16.3618 14.0567 17.4896 14.0256 18.1545 14.5879" fill="#EB0203"></path>
                        </svg>
                        </button>
                        </div>
                        <div class="col-sm-10 col-12">
                        <div class="ct-tile-quantity d-none" data-pid="5986408">
                        <input type="hidden" class="add-to-cart-url" value="https://www.continente.pt/on/demandware.store/Sites-continente-Site/default/Cart-AddProduct">
                        <div class="d-none tile-delete-confirmation-btn" data-pid="5986408" data-delay-time="3000" data-in-cart-msg="no carrinho" data-one-product-added="Adicionado ao carrinho" data-remove-from-cart-msg="Removido do carrinho" data-stay-open="6000.0" data-confirmation-image="{&quot;url&quot;:&quot;https://www.continente.pt/dw/image/v2/BDVS_PRD/on/demandware.static/-/Sites-col-master-catalog/default/dw2d63070b/images/col/598/5986408-frente.jpg?sw=87&amp;sh=80&quot;,&quot;fallbackimage&quot;:{&quot;url&quot;:&quot;https://www.continente.pt/dw/image/v2/BDVS_PRD/on/demandware.static/Sites-continente-Site/-/default/dw7c42b4da/images/noimagelarge_product.png?sw=87&amp;sh=80&quot;,&quot;title&quot;:&quot;Azeite Virgem Extra&quot;,&quot;alt&quot;:&quot;Azeite Virgem Extra&quot;},&quot;title&quot;:&quot;Azeite Virgem Extra&quot;,&quot;alt&quot;:&quot;Azeite Virgem Extra&quot;}"></div>
                        <div class="ct-tile-quantity-update quantity-update product-qty-vue" data-remove-action="https://www.continente.pt/on/demandware.store/Sites-continente-Site/default/Cart-RemoveProductLineItem" data-action="https://www.continente.pt/on/demandware.store/Sites-continente-Site/default/Cart-UpdateQuantity" data-dimension-update="https://www.continente.pt/on/demandware.store/Sites-continente-Site/default/Cart-DimensionUpdate" data-pid="5986408" data-uuid="9475e94c0a749e32d4acfe3c8c" data-add-delay="500.0" data-measure-options="{&quot;hasConversionRate&quot;:false,&quot;hasAlternativeSaleUnit&quot;:false,&quot;unitConversionRate&quot;:0,&quot;minOrderQuantity&quot;:1,&quot;stepQuantity&quot;:1,&quot;primaryunit&quot;:&quot;un&quot;,&quot;secondaryunit&quot;:&quot;lt&quot;,&quot;selectedunit&quot;:&quot;primary&quot;,&quot;maxNumberOfUnitsPerSale&quot;:50}" data-price-available="null" :data-has-error="isMaxQtyReached || isMinQtyReached || qtySelectedMoreThanOne">
                        <template v-show="prodUnits">
                        <div class="quantity-input-wrapper has-units">
                        <label class="visually-hidden" :for="'quantity-' + pid + additionalTag">
                        Quantidade no carrinho
                        </label>
                        <input :ref="'quantityInput-' + pid + additionalTag" class="add-to-cart-quantity form-control ct-form-input text-center" inputmode="numeric" :class="{'is-invalid': isInvalid}" :data-pid="pid + additionalTag" :name="'quantity-' + pid + additionalTag" type="text" aria-label="Insira a quantidade" title="" v-model="displayValue" @change="updateQuantity" @focus="updateQtyFormat" @blur="restoreQtyFormat" :disabled="!isPriceAvailable">
                        <span class="quantity-icon quantity-icon--minus">
                        <button class="decrease-quantity-btn" @click="updateQuantity" :disabled="!isPriceAvailable" role="button" aria-label="Reduzir quantidade">
                        <i class="css-math-minus"></i>
                        </button>
                        </span>
                        <span class="quantity-icon quantity-icon--plus">
                        <button class="increase-quantity-btn" @click="updateQuantity" :disabled="isMaxQtyReached || !isPriceAvailable" role="button" aria-label="Aumentar quantidade">
                        <i class="css-math-plus"></i>
                        </button>
                        <span class="quantity-btn-disabled-placeholder"></span>
                        </span>
                        <template v-if="isPDP">
                        <span class="quantity-error ct-span-error text-sm-center product-max-allocation" v-if="isMaxQtyReached">
                        Quantidade máxima atingida
                        </span>
                        <span class="quantity-error ct-span-product text-sm-center product-allocation" v-if="!isMinQtyReached &amp;&amp; !isMaxQtyReached">
                        {{quantitySelected}} no carrinho
                        </span>
                         <span class="quantity-error ct-span-error text-sm-center product-min-allocation" :data-pid="pid" v-if="isMinQtyReached &amp;&amp; !isMaxQtyReached">
                        Quantidade mínima atingida
                        </span>
                        </template>
                        </div>
                        <template v-if="showNotes">
                        <div class="add-note-link-container ">
                        <div class="add-note">
                        <a href="/produto/azeite-virgem-extra-continente-5986408.html?showNote=true" class="ct-add-note-redirect-pdp" aria-label="Adicionar comentário">
                        <span class="svg-wrapper svg-icon-notes" style="width:19px; height:20px">
                        <svg class="svg-inline icon-notes" viewBox="0 0 28 30" xmlns="http://www.w3.org/2000/svg" width="100%" height="100%"><path d="M21.738 0C22.985 0 24 1.04 24 2.319V12.47c0 .469-.37.848-.828.848-.457 0-.827-.38-.827-.848V2.32c0-.343-.273-.622-.607-.622H2.262c-.334 0-.607.279-.607.622V27.68c0 .343.273.622.607.622h7.81c.457 0 .827.38.827.849 0 .468-.37.848-.827.848h-7.81C1.015 30 0 28.96 0 27.681V2.32C0 1.04 1.015 0 2.262 0h19.476zm2.844 16.004l.227.007c.823.053 1.589.39 2.176.964.64.627.993 1.46.993 2.349 0 .888-.353 1.722-.993 2.348l-6.83 6.665c-.11.108-.247.186-.397.226l-5.032 1.363c-.078.021-.16.032-.241.032-.242 0-.478-.097-.647-.266-.23-.231-.314-.566-.218-.874l1.49-4.798c.044-.139.122-.266.227-.369l6.844-6.677c.64-.625 1.493-.97 2.401-.97zm-2.886 3.94l-4.922 4.802-.947 3.048 3.22-.872 4.897-4.78-2.248-2.197zm2.887-2.174c-.425 0-.824.162-1.124.455l-.484.472 2.248 2.197.484-.472c.62-.606.62-1.591 0-2.197l-.117-.104c-.283-.227-.636-.35-1.007-.35zm-10.839.022c.498 0 .904.396.904.883 0 .488-.406.884-.904.884H5.946c-.499 0-.904-.396-.904-.884 0-.487.405-.883.904-.883zm5.042-4.876c.498 0 .904.397.904.884s-.406.884-.904.884H5.946c-.499 0-.904-.397-.904-.884s.405-.884.904-.884zm0-4.875c.498 0 .904.396.904.884 0 .487-.406.883-.904.883H5.946c-.499 0-.904-.396-.904-.883 0-.488.405-.884.904-.884z" fill="#EB0203" fill-rule="evenodd"></path></svg>
                        </span>
                        <div class="available-note d-none"></div>
                        </a>
                        </div>
                        </div>
                        </template>
                        <div class="measurement-unit-section" v-if="isPriceAvailable &amp;&amp; prodUnits ? prodUnits.hasAlternativeUnit : false">
                        <div class="ct-form-radio" @click="setDimension">
                        <input type="radio" title="" class="ct-form-check-input product-measurement-unit" :data-type="prodUnits.selectedUnit == prodUnits.secondaryUnit ? 'primary' : ''" :id="prodUnits.secondaryUnit + '-' + pid + '-measurement-unit-ptile' + additionalTag" :name="'measurement-unit-' + pid + '-ptile' + additionalTag" :value="prodUnits.secondaryUnit" v-model="prodUnits.selectedUnit">
                        <label :class="prodUnits.secondaryUnit + '-label ct-form-check-label mb-0'" :for="prodUnits.secondaryUnit + '-' + pid + '-measurement-unit-ptile' + additionalTag">
                        {{prodUnits.secondaryUnit}}
                        </label>
                        <span class="checkmark"></span>
                        </div>
                        <div class="ct-form-radio" @click="setDimension">
                        <input type="radio" title="" class="ct-form-check-input product-measurement-unit" :data-type="prodUnits.selectedUnit == prodUnits.primaryUnit ? 'primary' : ''" :id="prodUnits.primaryUnit + '-' + pid + '-measurement-unit-ptile' + additionalTag" :name="'measurement-unit-' + pid + '-ptile' + additionalTag" :value="prodUnits.primaryUnit" v-model="prodUnits.selectedUnit">
                        <label :class="prodUnits.primaryUnit + '-label ct-form-check-label mb-0'" :for="prodUnits.primaryUnit + '-' + pid + '-measurement-unit-ptile' + additionalTag">
                         {{prodUnits.primaryUnit}}
                        </label>
                        <span class="checkmark"></span>
                        </div>
                        </div>
                        <template v-if="!isPDP &amp;&amp; isPriceAvailable">
                        <span class="quantity-error ct-span-error product-max-allocation" v-if="isMaxQtyReached">
                        Quantidade máxima atingida
                        </span>
                        <span class="quantity-error ct-span-product product-allocation" v-if="!isMinQtyReached &amp;&amp; !isMaxQtyReached">
                        {{quantitySelected}} no carrinho
                        </span>
                        <span class="quantity-error ct-span-error product-min-allocation" :data-pid="pid" v-if="isMinQtyReached &amp;&amp; !isMaxQtyReached">
                        Quantidade mínima atingida
                        </span>
                        </template>
                        </template>
                        </div>
                        <input class="quantity-value-mask d-none" name="quantity" type="number" min="0" value="">
                        </div>
                        <button type="button" class="add-to-cart button js-add-to-cart js-add-to-cart-tile 5986408 button--primary dynamic-layout-btn" data-toggle="modal" data-target="#chooseBonusProductModal" data-pid="5986408" data-quantity-value="null" aria-label="Carrinho">
                        <span class="d-block d-sm-none">
                        <span class="svg-wrapper svg-icon-cart" style="width:20px; height:20px">
                        <svg class="svg-inline icon-cart" xmlns="http://www.w3.org/2000/svg" viewBox="0 0 500 500" width="100%" height="100%"><path fill="#EB0203" fill-rule="evenodd" d="M 485.67317,94.386311 C 476.37798,83.847129 463.09468,78.03348 448.30404,78.03348 H 90.690813 L 87.079511,51.327997 C 83.185582,22.539551 62.962285,0 41.011841,0 H 14.727836 C 6.563151,0 0,6.5286975 0,14.580758 c 0,8.05206 6.5945535,14.580758 14.727836,14.580758 h 26.284005 c 4.710398,0 14.696435,9.855222 16.894619,26.021523 L 100.01739,368.0631 c 1.88416,13.77244 9.01256,26.70549 20.1605,36.37417 8.25889,7.15046 18.02511,11.9071 28.26237,13.89679 -4.17655,7.58572 -6.53175,16.25957 -6.53175,25.493 0,29.53459 24.27424,53.59751 54.13815,53.59751 29.8325,0 54.13814,-24.03184 54.13814,-53.59751 0,-8.79818 -2.19818,-17.09897 -5.9979,-24.43598 h 77.12488 c -3.79973,7.33701 -5.96652,15.6378 -5.96652,24.43598 0,29.53459 24.27424,53.59751 54.13817,53.59751 29.83249,0 54.13814,-24.03184 54.13814,-53.59751 0,-8.79818 -2.1982,-17.09897 -5.9979,-24.43598 h 38.56243 c 8.13328,0 14.72783,-6.5287 14.72783,-14.61183 0,-8.02098 -6.59455,-14.54967 -14.72783,-14.54967 H 159.24277 c -14.38241,0 -28.13677,-11.90711 -30.02092,-26.02153 l -3.07746,-22.88154 h 290.6314 c 14.03698,0 27.94834,-5.28513 39.06488,-14.95381 11.11652,-9.6376 18.27632,-22.57065 20.16048,-36.37417 l 21.10259,-156.78201 c 1.94694,-14.51858 -2.10398,-28.29103 -11.43057,-38.861299 z M 220.76053,443.82706 c 0,13.49265 -11.08513,24.46709 -24.68247,24.46709 -13.62874,0 -24.71387,-10.97444 -24.71387,-24.46709 0,-13.49262 11.08513,-24.43598 24.71387,-24.43598 13.59734,0 24.68247,10.94336 24.68247,24.43598 z m 173.43675,0 c 0,13.49265 -11.08512,24.46709 -24.68245,24.46709 -13.62876,0 -24.71388,-10.97444 -24.71388,-24.46709 0,-13.49262 11.08512,-24.43598 24.71388,-24.43598 13.59733,0 24.68245,10.94336 24.68245,24.43598 z m 73.7648,-314.46558 -21.13397,156.782 c -1.88416,14.11442 -15.63851,26.05261 -30.02091,26.05261 H 122.25046 L 94.616142,107.19499 H 448.33544 c 6.18632,0 11.61896,2.2695 15.23028,6.37326 3.64269,4.13484 5.21283,9.73086 4.39636,15.79323 z"></path></svg>
                        </span>
                        </span>
                        <span class="add-to-cart--text d-none d-sm-block">Carrinho</span>
                        
                        </button>
                        </div>
                        </div>
                        </div>
                        </div>
                        
                        <div class="col-12 d-sm-none">
                        </div>
                        </div>
                        </div>
                        </div>
                        </div>
                        <div class="col-12 col-sm-3 col-lg-2 productTile" data-idx="32">
                        
                        <script type="text/javascript">//<!--
                        /* <![CDATA[ */
                        (function(){
                        try {
                            if(window.CQuotient) {
                            var cq_params = {};
                            
                            cq_params.cookieId = window.CQuotient.getCQCookieId();
                            cq_params.userId = window.CQuotient.getCQUserId();
                            cq_params.emailId = CQuotient.getCQHashedEmail();
                            cq_params.loginId = CQuotient.getCQHashedLogin();
                            cq_params.accumulate = true;
                            cq_params.products = [{
                                id: '2144985',
                                sku: ''
                            }];
                            cq_params.categoryId = 'mercearias';
                            cq_params.refinements = '[{\"name\":\"priceMin\",\"value\":\"0.01\"},{\"name\":\"priceMax\",\"value\":\"null\"},{\"name\":\"curr\",\"value\":\"EUR\"},{\"name\":\"Category\",\"value\":\"mercearias\"}]';
                            cq_params.personalized = 'false';
                            cq_params.sortingRule = 'FOOD_Mercearia';
                            cq_params.imageUUID = '__UNDEFINED__';
                            cq_params.realm = "BDVS";
                            cq_params.siteId = "continente";
                            cq_params.instanceType = "prd";
                            cq_params.queryLocale = "default";
                            cq_params.locale = window.CQuotient.locale;
                            
                            if(window.CQuotient.sendActivity)
                                window.CQuotient.sendActivity(CQuotient.clientId, 'viewCategory', cq_params);
                            else
                                window.CQuotient.activities.push({
                                    activityType: 'viewCategory',
                                    parameters: cq_params
                                });
                          }
                        } catch(err) {}
                        })();
                        /* ]]> */
                        // -->
                        </script>
                        <script type="text/javascript">//<!--
                        /* <![CDATA[ (viewCategoryProduct-active_data.js) */
                        (function(){
                        try {
                            if (dw.ac) {
                                var search_params = {};
                                search_params.persd = 'false';
                                search_params.refs = '[{\"name\":\"priceMin\",\"value\":\"0.01\"},{\"name\":\"priceMax\",\"value\":\"null\"},{\"name\":\"curr\",\"value\":\"EUR\"},{\"name\":\"Category\",\"value\":\"mercearias\"}]';
                                search_params.sort = 'FOOD_Mercearia';
                                search_params.imageUUID = '';
                                search_params.searchID = 'afeeff71-841d-471a-a4b6-1885a5ac2689';
                                search_params.locale = 'default';
                                search_params.queryLocale = 'default';
                                search_params.showProducts = 'true';
                                dw.ac.applyContext({category: "mercearias", searchData: search_params});
                                if (typeof dw.ac._scheduleDataSubmission === "function") {
                                    dw.ac._scheduleDataSubmission();
                                }
                            }
                        } catch(err) {}
                        })();
                        /* ]]> */
                        // -->
                        </script>
                        <script type="text/javascript">//<!--
                        /* <![CDATA[ (viewProduct-active_data.js) */
                        dw.ac._capture({id: "2144985", type: "searchhit"});
                        /* ]]> */
                        // -->
                        </script>
                        <div class="product" data-pid="2144985">
                        <div class="product-tile pid-2144985 ct-product-tile data-layer-pushed" data-delay-time="3000" data-variants-mapping="[]" data-in-cart-msg="no carrinho" data-one-product-added="Adicionado ao carrinho" data-remove-from-cart-msg="Removido do carrinho" data-stay-open="6000.0" data-product-tile-impression="{&quot;name&quot;:&quot;2144985&quot;,&quot;id&quot;:&quot;2144985&quot;,&quot;price&quot;:0.94,&quot;brand&quot;:&quot;Continente&quot;,&quot;category&quot;:[{&quot;category_level_1&quot;:&quot;Mercearia&quot;},{&quot;category_level_2&quot;:&quot;Conservas&quot;},{&quot;category_level_3&quot;:&quot;Salsichas&quot;}],&quot;variant&quot;:&quot;&quot;}">
                        <div class="ct-inner-tile-wrap row no-gutters justify-content-center align-content-start">
                        
                        <div class="ct-image-container col-4 col-sm" data-confirmation-image="{&quot;url&quot;:&quot;https://www.continente.pt/dw/image/v2/BDVS_PRD/on/demandware.static/-/Sites-col-master-catalog/default/dw47d292a9/images/col/214/2144985-hero.jpg?sw=87&amp;sh=80&quot;,&quot;fallbackimage&quot;:{&quot;url&quot;:&quot;https://www.continente.pt/dw/image/v2/BDVS_PRD/on/demandware.static/Sites-continente-Site/-/default/dw7c42b4da/images/noimagelarge_product.png?sw=87&amp;sh=80&quot;,&quot;title&quot;:&quot;Salsichas Frankfurt Lata 10 un Pack Poupança&quot;,&quot;alt&quot;:&quot;Salsichas Frankfurt Lata 10 un Pack Poupança&quot;},&quot;title&quot;:&quot;Salsichas Frankfurt Lata 10 un Pack Poupança&quot;,&quot;alt&quot;:&quot;Salsichas Frankfurt Lata 10 un Pack Poupança&quot;}">
                        <a href="https://www.continente.pt/produto/salsichas-frankfurt-lata-10-un-pack-poupanca-continente-2144985.html?cgid=mercearias">
                        <picture class="intrinsic intrinsic--square">
                        <img class="ct-tile-image lazyloaded" loading="lazy" onerror="this.onerror=null;this.src='/on/demandware.static/Sites-continente-Site/-/default/dw7c42b4da/images/noimagelarge_product.png';" data-src="https://www.continente.pt/dw/image/v2/BDVS_PRD/on/demandware.static/-/Sites-col-master-catalog/default/dw47d292a9/images/col/214/2144985-hero.jpg?sw=280&amp;sh=280" alt="Salsichas Frankfurt Lata 10 un Pack Poupança" title="Salsichas Frankfurt Lata 10 un Pack Poupança" src="https://www.continente.pt/dw/image/v2/BDVS_PRD/on/demandware.static/-/Sites-col-master-catalog/default/dw47d292a9/images/col/214/2144985-hero.jpg?sw=280&amp;sh=280">
                        </picture>
                        </a>
                        <div class="color-swatches d-flex" style="margin-left: 5px;">
                        <div class="swatches d-flex">
                        </div>
                        </div>
                        </div>
                        <div class="ct-tile-body col col-sm-auto ">
                        <div class="ct-pdp-details">
                        <div class="ct-pdp-link">
                        <a class="ct-tile--description" href="https://www.continente.pt/produto/salsichas-frankfurt-lata-10-un-pack-poupanca-continente-2144985.html?cgid=mercearias">Salsichas Frankfurt Lata 10 un Pack Poupança</a>
                        <div class="ct-tile--favorite-top d-sm-none">
                        <button class="wishlist-toggler guest-mode inactive button button--tertiary" data-pid="2144985" data-add-url="https://www.continente.pt/on/demandware.store/Sites-continente-Site/default/Wishlist-AddProduct?pid=2144985" data-toggle="tooltip" aria-label="Adicionar aos favoritos " data-original-title="Adicionar aos favoritos" data-placement="top">
                        <svg class="active-content" width="100%" height="100%" viewBox="0 0 20 22" fill="none" xmlns="http://www.w3.org/2000/svg">
                        <path fill-rule="evenodd" clip-rule="evenodd" d="M0 1.53052C0 0.685236 0.692171 0 1.54601 0H15.0736C15.9274 0 16.6196 0.685235 16.6196 1.53052V13.4064L15.8127 13.922L14.2658 14.2658L12.7189 13.4064L10.6054 14.3818C10.4994 14.2451 10.3327 14.157 10.1452 14.157H6.76329C6.4431 14.157 6.18354 14.414 6.18354 14.731C6.18354 15.0479 6.4431 15.3049 6.76329 15.3049H10.1452C10.2478 15.3049 10.3441 15.2785 10.4277 15.2322L10.3126 16.8439L13.2345 20.2793H1.54601C0.69217 20.2793 0 19.5941 0 18.7488V1.53052ZM6.18354 5.5483C6.18354 5.23132 6.4431 4.97436 6.76329 4.97436H12.3676C12.6878 4.97436 12.9473 5.23132 12.9473 5.5483C12.9473 5.86528 12.6878 6.12224 12.3676 6.12224H6.76329C6.4431 6.12224 6.18354 5.86528 6.18354 5.5483ZM6.76329 11.0961C6.4431 11.0961 6.18354 11.3531 6.18354 11.6701C6.18354 11.987 6.4431 12.244 6.76329 12.244H12.3676C12.6878 12.244 12.9473 11.987 12.9473 11.6701C12.9473 11.3531 12.6878 11.0961 12.3676 11.0961H6.76329ZM6.18354 8.60985C6.18354 8.29287 6.4431 8.03591 6.76329 8.03591H12.3676C12.6878 8.03591 12.9473 8.29287 12.9473 8.60985C12.9473 8.92684 12.6878 9.1838 12.3676 9.1838H6.76329C6.4431 9.1838 6.18354 8.92684 6.18354 8.60985ZM3.67118 5.5483C3.67118 5.23132 3.93075 4.97436 4.25093 4.97436H4.63743C4.95762 4.97436 5.21719 5.23132 5.21719 5.5483C5.21719 5.86528 4.95762 6.12224 4.63743 6.12224H4.25093C3.93075 6.12224 3.67118 5.86528 3.67118 5.5483ZM4.25093 11.0961C3.93075 11.0961 3.67118 11.3531 3.67118 11.6701C3.67118 11.987 3.93075 12.244 4.25093 12.244H4.63743C4.95762 12.244 5.21719 11.987 5.21719 11.6701C5.21719 11.3531 4.95762 11.0961 4.63743 11.0961H4.25093ZM3.67118 8.60985C3.67118 8.29287 3.93075 8.03591 4.25093 8.03591H4.63743C4.95762 8.03591 5.21719 8.29287 5.21719 8.60985C5.21719 8.92684 4.95762 9.1838 4.63743 9.1838H4.25093C3.93075 9.1838 3.67118 8.92684 3.67118 8.60985ZM4.25093 14.157C3.93075 14.157 3.67118 14.414 3.67118 14.731C3.67118 15.0479 3.93075 15.3049 4.25093 15.3049H4.63743C4.95762 15.3049 5.21719 15.0479 5.21719 14.731C5.21719 14.414 4.95762 14.157 4.63743 14.157H4.25093Z" fill="#EB0203"></path>
                        <path fill-rule="evenodd" clip-rule="evenodd" d="M14.6252 13.6363C13.4918 12.6215 11.7817 12.5264 10.6569 13.4792C9.12421 14.7764 9.34841 16.8912 10.4409 18.0122L14.0159 21.6742C14.2197 21.8832 14.4928 22 14.7822 22C15.0737 22 15.3448 21.8852 15.5486 21.6762L19.1236 18.0142C20.214 16.8933 20.4423 14.7785 18.9075 13.4792C17.7827 12.5283 16.0724 12.6217 14.9391 13.6365C14.8855 13.6845 14.8331 13.7345 14.7822 13.7866C14.7313 13.7345 14.6789 13.6843 14.6252 13.6363ZM18.1546 14.3522C19.0973 15.1508 18.9962 16.4896 18.2891 17.2173C18.2888 17.2175 18.2886 17.2177 18.2884 17.218L14.7832 20.8084L11.2753 17.2151C11.2752 17.215 11.2751 17.2149 11.2749 17.2148C10.5677 16.4887 10.4678 15.1495 11.4104 14.3518L11.4108 14.3514C12.0745 13.7892 13.2018 13.82 13.9488 14.5846L14.7822 15.4378L15.6157 14.5846C16.3617 13.8211 17.4896 13.79 18.1545 14.3521" fill="#EB0203"></path>
                        </svg>
                        <svg class="inactive-content" width="100%" height="100%" viewBox="0 0 20 23" fill="none" xmlns="http://www.w3.org/2000/svg">
                        <path fill-rule="evenodd" clip-rule="evenodd" d="M6.18408 5.77914C6.18408 5.46223 6.44363 5.20532 6.7638 5.20532H12.3678C12.6879 5.20532 12.9475 5.46223 12.9475 5.77914C12.9475 6.09606 12.6879 6.35297 12.3678 6.35297H6.7638C6.44363 6.35297 6.18408 6.09606 6.18408 5.77914Z" fill="#EB0203"></path>
                        <path fill-rule="evenodd" clip-rule="evenodd" d="M6.18408 11.9034C6.18408 11.5865 6.44363 11.3296 6.7638 11.3296H12.3678C12.6879 11.3296 12.9475 11.5865 12.9475 11.9034C12.9475 12.2202 12.6879 12.4771 12.3678 12.4771H6.7638C6.44363 12.4771 6.18408 12.2202 6.18408 11.9034Z" fill="#EB0203"></path>
                        <path fill-rule="evenodd" clip-rule="evenodd" d="M6.18408 8.84116C6.18408 8.52424 6.44363 8.26733 6.7638 8.26733H12.3678C12.6879 8.26733 12.9475 8.52424 12.9475 8.84116C12.9475 9.15807 12.6879 9.41498 12.3678 9.41498H6.7638C6.44363 9.41498 6.18408 9.15807 6.18408 8.84116Z" fill="#EB0203"></path>
                        <path fill-rule="evenodd" clip-rule="evenodd" d="M6.18408 14.9655C6.18408 14.6486 6.44363 14.3917 6.7638 14.3917H10.1455C10.4657 14.3917 10.7252 14.6486 10.7252 14.9655C10.7252 15.2825 10.4657 15.5394 10.1455 15.5394H6.7638C6.44363 15.5394 6.18408 15.2825 6.18408 14.9655Z" fill="#EB0203"></path>
                        <path fill-rule="evenodd" clip-rule="evenodd" d="M3.67139 5.77914C3.67139 5.46223 3.93094 5.20532 4.25111 5.20532H4.63759C4.95776 5.20532 5.21731 5.46223 5.21731 5.77914C5.21731 6.09606 4.95776 6.35297 4.63759 6.35297H4.25111C3.93094 6.35297 3.67139 6.09606 3.67139 5.77914Z" fill="#EB0203"></path>
                        <path fill-rule="evenodd" clip-rule="evenodd" d="M3.67139 11.9034C3.67139 11.5865 3.93094 11.3296 4.25111 11.3296H4.63759C4.95776 11.3296 5.21731 11.5865 5.21731 11.9034C5.21731 12.2202 4.95776 12.4771 4.63759 12.4771H4.25111C3.93094 12.4771 3.67139 12.2202 3.67139 11.9034Z" fill="#EB0203"></path>
                        <path fill-rule="evenodd" clip-rule="evenodd" d="M3.67139 8.84116C3.67139 8.52424 3.93094 8.26733 4.25111 8.26733H4.63759C4.95776 8.26733 5.21731 8.52424 5.21731 8.84116C5.21731 9.15807 4.95776 9.41498 4.63759 9.41498H4.25111C3.93094 9.41498 3.67139 9.15807 3.67139 8.84116Z" fill="#EB0203"></path>
                        <path fill-rule="evenodd" clip-rule="evenodd" d="M3.67139 14.9655C3.67139 14.6486 3.93094 14.3917 4.25111 14.3917H4.63759C4.95776 14.3917 5.21731 14.6486 5.21731 14.9655C5.21731 15.2825 4.95776 15.5394 4.63759 15.5394H4.25111C3.93094 15.5394 3.67139 15.2825 3.67139 14.9655Z" fill="#EB0203"></path>
                        <path fill-rule="evenodd" clip-rule="evenodd" d="M0 1.76033C0 0.914738 0.692131 0.229248 1.54592 0.229248H15.0727C15.9265 0.229248 16.6186 0.914738 16.6186 1.76033V11.2818C16.6186 11.5989 16.3591 11.8559 16.0389 11.8559C15.7187 11.8559 15.4592 11.5989 15.4592 11.2818V1.76033C15.4592 1.54893 15.2862 1.37756 15.0727 1.37756H1.54592C1.33247 1.37756 1.15944 1.54893 1.15944 1.76033V18.985C1.15944 19.1964 1.33247 19.3678 1.54592 19.3678H9.27551C9.59568 19.3678 9.85523 19.6249 9.85523 19.942C9.85523 20.2591 9.59568 20.5161 9.27551 20.5161H1.54592C0.692131 20.5161 0 19.8306 0 18.985V1.76033Z" fill="#EB0203"></path>
                        <path fill-rule="evenodd" clip-rule="evenodd" d="M14.6254 13.8718C13.4921 12.8567 11.7821 12.7615 10.6574 13.7147C9.12472 15.0124 9.34891 17.128 10.4413 18.2493L14.0161 21.9126C14.2199 22.1217 14.493 22.2386 14.7824 22.2386C15.0739 22.2386 15.3449 22.1238 15.5487 21.9147L19.1235 18.2514C20.2139 17.13 20.4422 15.0144 18.9075 13.7147C17.7827 12.7634 16.0726 12.8569 14.9392 13.872C14.8856 13.92 14.8333 13.9701 14.7824 14.0222C14.7314 13.97 14.6791 13.9199 14.6254 13.8718ZM18.1546 14.588C19.0972 15.3869 18.9961 16.7262 18.2891 17.4541C18.2888 17.4543 18.2886 17.4546 18.2884 17.4548L14.7834 21.0466L11.2757 17.452C11.2756 17.4519 11.2755 17.4517 11.2753 17.4516C10.5681 16.7252 10.4682 15.3856 11.4108 14.5876L11.4112 14.5872C12.0748 14.0248 13.202 14.0556 13.949 14.8205L14.7824 15.674L15.6158 14.8205C16.3618 14.0567 17.4896 14.0256 18.1545 14.5879" fill="#EB0203"></path>
                        </svg>
                        </button>
                        </div>
                        </div>
                        <p class="ct-tile--brand">Continente</p>
                        <p class="ct-tile--quantity">emb. 380 gr (peso escorrido 250 gr)</p>
                        </div>
                        <div class="ct-tile-bottom row no-gutters justify-content-between">
                        <div class="ct-price-wrap col-8 col-sm-12">
                        <div class="price js-product-price">
                        <div class="prices-wrapper">
                        <span class="sales ct-tile--price-primary ">
                        <span class="value" content="0.94">
                        <span class="ct-price-formatted">
                        €0,94
                        </span>
                        <span class="ct-m-unit">
                        /un
                        </span>
                        </span>
                        </span>
                        </div>
                        <div class="ct-tile--price-secondary">
                        <span class="ct-price-value">
                        €3,76
                        </span>
                        <span class="ct-m-unit">
                        /kg
                        </span>
                        </div>
                        </div>
                        </div>
                        <div class="ct-tile-buy-section d-flex justify-content-center no-gutters col-auto col-sm-12">
                        <div class="col-2 d-sm-flex d-none">
                        <button class="wishlist-toggler guest-mode inactive button button--tertiary" data-pid="2144985" data-add-url="https://www.continente.pt/on/demandware.store/Sites-continente-Site/default/Wishlist-AddProduct?pid=2144985" data-toggle="tooltip" aria-label="Adicionar aos favoritos " data-original-title="Adicionar aos favoritos" data-placement="top">
                        <svg class="active-content" width="100%" height="100%" viewBox="0 0 20 22" fill="none" xmlns="http://www.w3.org/2000/svg">
                        <path fill-rule="evenodd" clip-rule="evenodd" d="M0 1.53052C0 0.685236 0.692171 0 1.54601 0H15.0736C15.9274 0 16.6196 0.685235 16.6196 1.53052V13.4064L15.8127 13.922L14.2658 14.2658L12.7189 13.4064L10.6054 14.3818C10.4994 14.2451 10.3327 14.157 10.1452 14.157H6.76329C6.4431 14.157 6.18354 14.414 6.18354 14.731C6.18354 15.0479 6.4431 15.3049 6.76329 15.3049H10.1452C10.2478 15.3049 10.3441 15.2785 10.4277 15.2322L10.3126 16.8439L13.2345 20.2793H1.54601C0.69217 20.2793 0 19.5941 0 18.7488V1.53052ZM6.18354 5.5483C6.18354 5.23132 6.4431 4.97436 6.76329 4.97436H12.3676C12.6878 4.97436 12.9473 5.23132 12.9473 5.5483C12.9473 5.86528 12.6878 6.12224 12.3676 6.12224H6.76329C6.4431 6.12224 6.18354 5.86528 6.18354 5.5483ZM6.76329 11.0961C6.4431 11.0961 6.18354 11.3531 6.18354 11.6701C6.18354 11.987 6.4431 12.244 6.76329 12.244H12.3676C12.6878 12.244 12.9473 11.987 12.9473 11.6701C12.9473 11.3531 12.6878 11.0961 12.3676 11.0961H6.76329ZM6.18354 8.60985C6.18354 8.29287 6.4431 8.03591 6.76329 8.03591H12.3676C12.6878 8.03591 12.9473 8.29287 12.9473 8.60985C12.9473 8.92684 12.6878 9.1838 12.3676 9.1838H6.76329C6.4431 9.1838 6.18354 8.92684 6.18354 8.60985ZM3.67118 5.5483C3.67118 5.23132 3.93075 4.97436 4.25093 4.97436H4.63743C4.95762 4.97436 5.21719 5.23132 5.21719 5.5483C5.21719 5.86528 4.95762 6.12224 4.63743 6.12224H4.25093C3.93075 6.12224 3.67118 5.86528 3.67118 5.5483ZM4.25093 11.0961C3.93075 11.0961 3.67118 11.3531 3.67118 11.6701C3.67118 11.987 3.93075 12.244 4.25093 12.244H4.63743C4.95762 12.244 5.21719 11.987 5.21719 11.6701C5.21719 11.3531 4.95762 11.0961 4.63743 11.0961H4.25093ZM3.67118 8.60985C3.67118 8.29287 3.93075 8.03591 4.25093 8.03591H4.63743C4.95762 8.03591 5.21719 8.29287 5.21719 8.60985C5.21719 8.92684 4.95762 9.1838 4.63743 9.1838H4.25093C3.93075 9.1838 3.67118 8.92684 3.67118 8.60985ZM4.25093 14.157C3.93075 14.157 3.67118 14.414 3.67118 14.731C3.67118 15.0479 3.93075 15.3049 4.25093 15.3049H4.63743C4.95762 15.3049 5.21719 15.0479 5.21719 14.731C5.21719 14.414 4.95762 14.157 4.63743 14.157H4.25093Z" fill="#EB0203"></path>
                        <path fill-rule="evenodd" clip-rule="evenodd" d="M14.6252 13.6363C13.4918 12.6215 11.7817 12.5264 10.6569 13.4792C9.12421 14.7764 9.34841 16.8912 10.4409 18.0122L14.0159 21.6742C14.2197 21.8832 14.4928 22 14.7822 22C15.0737 22 15.3448 21.8852 15.5486 21.6762L19.1236 18.0142C20.214 16.8933 20.4423 14.7785 18.9075 13.4792C17.7827 12.5283 16.0724 12.6217 14.9391 13.6365C14.8855 13.6845 14.8331 13.7345 14.7822 13.7866C14.7313 13.7345 14.6789 13.6843 14.6252 13.6363ZM18.1546 14.3522C19.0973 15.1508 18.9962 16.4896 18.2891 17.2173C18.2888 17.2175 18.2886 17.2177 18.2884 17.218L14.7832 20.8084L11.2753 17.2151C11.2752 17.215 11.2751 17.2149 11.2749 17.2148C10.5677 16.4887 10.4678 15.1495 11.4104 14.3518L11.4108 14.3514C12.0745 13.7892 13.2018 13.82 13.9488 14.5846L14.7822 15.4378L15.6157 14.5846C16.3617 13.8211 17.4896 13.79 18.1545 14.3521" fill="#EB0203"></path>
                        </svg>
                        <svg class="inactive-content" width="100%" height="100%" viewBox="0 0 20 23" fill="none" xmlns="http://www.w3.org/2000/svg">
                        <path fill-rule="evenodd" clip-rule="evenodd" d="M6.18408 5.77914C6.18408 5.46223 6.44363 5.20532 6.7638 5.20532H12.3678C12.6879 5.20532 12.9475 5.46223 12.9475 5.77914C12.9475 6.09606 12.6879 6.35297 12.3678 6.35297H6.7638C6.44363 6.35297 6.18408 6.09606 6.18408 5.77914Z" fill="#EB0203"></path>
                        <path fill-rule="evenodd" clip-rule="evenodd" d="M6.18408 11.9034C6.18408 11.5865 6.44363 11.3296 6.7638 11.3296H12.3678C12.6879 11.3296 12.9475 11.5865 12.9475 11.9034C12.9475 12.2202 12.6879 12.4771 12.3678 12.4771H6.7638C6.44363 12.4771 6.18408 12.2202 6.18408 11.9034Z" fill="#EB0203"></path>
                        <path fill-rule="evenodd" clip-rule="evenodd" d="M6.18408 8.84116C6.18408 8.52424 6.44363 8.26733 6.7638 8.26733H12.3678C12.6879 8.26733 12.9475 8.52424 12.9475 8.84116C12.9475 9.15807 12.6879 9.41498 12.3678 9.41498H6.7638C6.44363 9.41498 6.18408 9.15807 6.18408 8.84116Z" fill="#EB0203"></path>
                        <path fill-rule="evenodd" clip-rule="evenodd" d="M6.18408 14.9655C6.18408 14.6486 6.44363 14.3917 6.7638 14.3917H10.1455C10.4657 14.3917 10.7252 14.6486 10.7252 14.9655C10.7252 15.2825 10.4657 15.5394 10.1455 15.5394H6.7638C6.44363 15.5394 6.18408 15.2825 6.18408 14.9655Z" fill="#EB0203"></path>
                        <path fill-rule="evenodd" clip-rule="evenodd" d="M3.67139 5.77914C3.67139 5.46223 3.93094 5.20532 4.25111 5.20532H4.63759C4.95776 5.20532 5.21731 5.46223 5.21731 5.77914C5.21731 6.09606 4.95776 6.35297 4.63759 6.35297H4.25111C3.93094 6.35297 3.67139 6.09606 3.67139 5.77914Z" fill="#EB0203"></path>
                        <path fill-rule="evenodd" clip-rule="evenodd" d="M3.67139 11.9034C3.67139 11.5865 3.93094 11.3296 4.25111 11.3296H4.63759C4.95776 11.3296 5.21731 11.5865 5.21731 11.9034C5.21731 12.2202 4.95776 12.4771 4.63759 12.4771H4.25111C3.93094 12.4771 3.67139 12.2202 3.67139 11.9034Z" fill="#EB0203"></path>
                        <path fill-rule="evenodd" clip-rule="evenodd" d="M3.67139 8.84116C3.67139 8.52424 3.93094 8.26733 4.25111 8.26733H4.63759C4.95776 8.26733 5.21731 8.52424 5.21731 8.84116C5.21731 9.15807 4.95776 9.41498 4.63759 9.41498H4.25111C3.93094 9.41498 3.67139 9.15807 3.67139 8.84116Z" fill="#EB0203"></path>
                        <path fill-rule="evenodd" clip-rule="evenodd" d="M3.67139 14.9655C3.67139 14.6486 3.93094 14.3917 4.25111 14.3917H4.63759C4.95776 14.3917 5.21731 14.6486 5.21731 14.9655C5.21731 15.2825 4.95776 15.5394 4.63759 15.5394H4.25111C3.93094 15.5394 3.67139 15.2825 3.67139 14.9655Z" fill="#EB0203"></path>
                        <path fill-rule="evenodd" clip-rule="evenodd" d="M0 1.76033C0 0.914738 0.692131 0.229248 1.54592 0.229248H15.0727C15.9265 0.229248 16.6186 0.914738 16.6186 1.76033V11.2818C16.6186 11.5989 16.3591 11.8559 16.0389 11.8559C15.7187 11.8559 15.4592 11.5989 15.4592 11.2818V1.76033C15.4592 1.54893 15.2862 1.37756 15.0727 1.37756H1.54592C1.33247 1.37756 1.15944 1.54893 1.15944 1.76033V18.985C1.15944 19.1964 1.33247 19.3678 1.54592 19.3678H9.27551C9.59568 19.3678 9.85523 19.6249 9.85523 19.942C9.85523 20.2591 9.59568 20.5161 9.27551 20.5161H1.54592C0.692131 20.5161 0 19.8306 0 18.985V1.76033Z" fill="#EB0203"></path>
                        <path fill-rule="evenodd" clip-rule="evenodd" d="M14.6254 13.8718C13.4921 12.8567 11.7821 12.7615 10.6574 13.7147C9.12472 15.0124 9.34891 17.128 10.4413 18.2493L14.0161 21.9126C14.2199 22.1217 14.493 22.2386 14.7824 22.2386C15.0739 22.2386 15.3449 22.1238 15.5487 21.9147L19.1235 18.2514C20.2139 17.13 20.4422 15.0144 18.9075 13.7147C17.7827 12.7634 16.0726 12.8569 14.9392 13.872C14.8856 13.92 14.8333 13.9701 14.7824 14.0222C14.7314 13.97 14.6791 13.9199 14.6254 13.8718ZM18.1546 14.588C19.0972 15.3869 18.9961 16.7262 18.2891 17.4541C18.2888 17.4543 18.2886 17.4546 18.2884 17.4548L14.7834 21.0466L11.2757 17.452C11.2756 17.4519 11.2755 17.4517 11.2753 17.4516C10.5681 16.7252 10.4682 15.3856 11.4108 14.5876L11.4112 14.5872C12.0748 14.0248 13.202 14.0556 13.949 14.8205L14.7824 15.674L15.6158 14.8205C16.3618 14.0567 17.4896 14.0256 18.1545 14.5879" fill="#EB0203"></path>
                        </svg>
                        </button>
                        </div>
                        <div class="col-sm-10 col-12">
                        <div class="ct-tile-quantity d-none" data-pid="2144985">
                        <input type="hidden" class="add-to-cart-url" value="https://www.continente.pt/on/demandware.store/Sites-continente-Site/default/Cart-AddProduct">
                        <div class="d-none tile-delete-confirmation-btn" data-pid="2144985" data-delay-time="3000" data-in-cart-msg="no carrinho" data-one-product-added="Adicionado ao carrinho" data-remove-from-cart-msg="Removido do carrinho" data-stay-open="6000.0" data-confirmation-image="{&quot;url&quot;:&quot;https://www.continente.pt/dw/image/v2/BDVS_PRD/on/demandware.static/-/Sites-col-master-catalog/default/dw47d292a9/images/col/214/2144985-hero.jpg?sw=87&amp;sh=80&quot;,&quot;fallbackimage&quot;:{&quot;url&quot;:&quot;https://www.continente.pt/dw/image/v2/BDVS_PRD/on/demandware.static/Sites-continente-Site/-/default/dw7c42b4da/images/noimagelarge_product.png?sw=87&amp;sh=80&quot;,&quot;title&quot;:&quot;Salsichas Frankfurt Lata 10 un Pack Poupança&quot;,&quot;alt&quot;:&quot;Salsichas Frankfurt Lata 10 un Pack Poupança&quot;},&quot;title&quot;:&quot;Salsichas Frankfurt Lata 10 un Pack Poupança&quot;,&quot;alt&quot;:&quot;Salsichas Frankfurt Lata 10 un Pack Poupança&quot;}"></div>
                        <div class="ct-tile-quantity-update quantity-update product-qty-vue" data-remove-action="https://www.continente.pt/on/demandware.store/Sites-continente-Site/default/Cart-RemoveProductLineItem" data-action="https://www.continente.pt/on/demandware.store/Sites-continente-Site/default/Cart-UpdateQuantity" data-dimension-update="https://www.continente.pt/on/demandware.store/Sites-continente-Site/default/Cart-DimensionUpdate" data-pid="2144985" data-uuid="9727b2afcb30b7985f7cd1ee2d" data-add-delay="500.0" data-measure-options="{&quot;hasConversionRate&quot;:false,&quot;hasAlternativeSaleUnit&quot;:false,&quot;unitConversionRate&quot;:0,&quot;minOrderQuantity&quot;:1,&quot;stepQuantity&quot;:1,&quot;primaryunit&quot;:&quot;un&quot;,&quot;secondaryunit&quot;:&quot;kg&quot;,&quot;selectedunit&quot;:&quot;primary&quot;,&quot;maxNumberOfUnitsPerSale&quot;:50}" data-price-available="null" :data-has-error="isMaxQtyReached || isMinQtyReached || qtySelectedMoreThanOne">
                        <template v-show="prodUnits">
                        <div class="quantity-input-wrapper has-units">
                        <label class="visually-hidden" :for="'quantity-' + pid + additionalTag">
                        Quantidade no carrinho
                        </label>
                        <input :ref="'quantityInput-' + pid + additionalTag" class="add-to-cart-quantity form-control ct-form-input text-center" inputmode="numeric" :class="{'is-invalid': isInvalid}" :data-pid="pid + additionalTag" :name="'quantity-' + pid + additionalTag" type="text" aria-label="Insira a quantidade" title="" v-model="displayValue" @change="updateQuantity" @focus="updateQtyFormat" @blur="restoreQtyFormat" :disabled="!isPriceAvailable">
                        <span class="quantity-icon quantity-icon--minus">
                        <button class="decrease-quantity-btn" @click="updateQuantity" :disabled="!isPriceAvailable" role="button" aria-label="Reduzir quantidade">
                        <i class="css-math-minus"></i>
                        </button>
                        </span>
                        <span class="quantity-icon quantity-icon--plus">
                        <button class="increase-quantity-btn" @click="updateQuantity" :disabled="isMaxQtyReached || !isPriceAvailable" role="button" aria-label="Aumentar quantidade">
                        <i class="css-math-plus"></i>
                        </button>
                        <span class="quantity-btn-disabled-placeholder"></span>
                        </span>
                        <template v-if="isPDP">
                        <span class="quantity-error ct-span-error text-sm-center product-max-allocation" v-if="isMaxQtyReached">
                        Quantidade máxima atingida
                        </span>
                        <span class="quantity-error ct-span-product text-sm-center product-allocation" v-if="!isMinQtyReached &amp;&amp; !isMaxQtyReached">
                        {{quantitySelected}} no carrinho
                        </span>
                        <span class="quantity-error ct-span-error text-sm-center product-min-allocation" :data-pid="pid" v-if="isMinQtyReached &amp;&amp; !isMaxQtyReached">
                        Quantidade mínima atingida
                        </span>
                        </template>
                        </div>
                        <template v-if="showNotes">
                        <div class="add-note-link-container ">
                        <div class="add-note">
                        <a href="/produto/salsichas-frankfurt-lata-10-un-pack-poupanca-continente-2144985.html?showNote=true" class="ct-add-note-redirect-pdp" aria-label="Adicionar comentário">
                        <span class="svg-wrapper svg-icon-notes" style="width:19px; height:20px">
                        <svg class="svg-inline icon-notes" viewBox="0 0 28 30" xmlns="http://www.w3.org/2000/svg" width="100%" height="100%"><path d="M21.738 0C22.985 0 24 1.04 24 2.319V12.47c0 .469-.37.848-.828.848-.457 0-.827-.38-.827-.848V2.32c0-.343-.273-.622-.607-.622H2.262c-.334 0-.607.279-.607.622V27.68c0 .343.273.622.607.622h7.81c.457 0 .827.38.827.849 0 .468-.37.848-.827.848h-7.81C1.015 30 0 28.96 0 27.681V2.32C0 1.04 1.015 0 2.262 0h19.476zm2.844 16.004l.227.007c.823.053 1.589.39 2.176.964.64.627.993 1.46.993 2.349 0 .888-.353 1.722-.993 2.348l-6.83 6.665c-.11.108-.247.186-.397.226l-5.032 1.363c-.078.021-.16.032-.241.032-.242 0-.478-.097-.647-.266-.23-.231-.314-.566-.218-.874l1.49-4.798c.044-.139.122-.266.227-.369l6.844-6.677c.64-.625 1.493-.97 2.401-.97zm-2.886 3.94l-4.922 4.802-.947 3.048 3.22-.872 4.897-4.78-2.248-2.197zm2.887-2.174c-.425 0-.824.162-1.124.455l-.484.472 2.248 2.197.484-.472c.62-.606.62-1.591 0-2.197l-.117-.104c-.283-.227-.636-.35-1.007-.35zm-10.839.022c.498 0 .904.396.904.883 0 .488-.406.884-.904.884H5.946c-.499 0-.904-.396-.904-.884 0-.487.405-.883.904-.883zm5.042-4.876c.498 0 .904.397.904.884s-.406.884-.904.884H5.946c-.499 0-.904-.397-.904-.884s.405-.884.904-.884zm0-4.875c.498 0 .904.396.904.884 0 .487-.406.883-.904.883H5.946c-.499 0-.904-.396-.904-.883 0-.488.405-.884.904-.884z" fill="#EB0203" fill-rule="evenodd"></path></svg>
                        </span>
                        <div class="available-note d-none"></div>
                        </a>
                        </div>
                        </div>
                        </template>
                        <div class="measurement-unit-section" v-if="isPriceAvailable &amp;&amp; prodUnits ? prodUnits.hasAlternativeUnit : false">
                        <div class="ct-form-radio" @click="setDimension">
                        <input type="radio" title="" class="ct-form-check-input product-measurement-unit" :data-type="prodUnits.selectedUnit == prodUnits.secondaryUnit ? 'primary' : ''" :id="prodUnits.secondaryUnit + '-' + pid + '-measurement-unit-ptile' + additionalTag" :name="'measurement-unit-' + pid + '-ptile' + additionalTag" :value="prodUnits.secondaryUnit" v-model="prodUnits.selectedUnit">
                        <label :class="prodUnits.secondaryUnit + '-label ct-form-check-label mb-0'" :for="prodUnits.secondaryUnit + '-' + pid + '-measurement-unit-ptile' + additionalTag">
                        {{prodUnits.secondaryUnit}}
                        </label>
                        <span class="checkmark"></span>
                        </div>
                        <div class="ct-form-radio" @click="setDimension">
                        <input type="radio" title="" class="ct-form-check-input product-measurement-unit" :data-type="prodUnits.selectedUnit == prodUnits.primaryUnit ? 'primary' : ''" :id="prodUnits.primaryUnit + '-' + pid + '-measurement-unit-ptile' + additionalTag" :name="'measurement-unit-' + pid + '-ptile' + additionalTag" :value="prodUnits.primaryUnit" v-model="prodUnits.selectedUnit">
                        <label :class="prodUnits.primaryUnit + '-label ct-form-check-label mb-0'" :for="prodUnits.primaryUnit + '-' + pid + '-measurement-unit-ptile' + additionalTag">
                        {{prodUnits.primaryUnit}}
                        </label>
                        <span class="checkmark"></span>
                        </div>
                        </div>
                        <template v-if="!isPDP &amp;&amp; isPriceAvailable">
                        <span class="quantity-error ct-span-error product-max-allocation" v-if="isMaxQtyReached">
                        Quantidade máxima atingida
                        </span>
                        <span class="quantity-error ct-span-product product-allocation" v-if="!isMinQtyReached &amp;&amp; !isMaxQtyReached">
                        {{quantitySelected}} no carrinho
                        </span>
                        <span class="quantity-error ct-span-error product-min-allocation" :data-pid="pid" v-if="isMinQtyReached &amp;&amp; !isMaxQtyReached">
                        Quantidade mínima atingida
                        </span>
                        </template>
                        </template>
                        </div>
                        <input class="quantity-value-mask d-none" name="quantity" type="number" min="0" value="">
                        </div>
                        <button type="button" class="add-to-cart button js-add-to-cart js-add-to-cart-tile 2144985 button--primary dynamic-layout-btn" data-toggle="modal" data-target="#chooseBonusProductModal" data-pid="2144985" data-quantity-value="null" aria-label="Carrinho">
                        <span class="d-block d-sm-none">
                        <span class="svg-wrapper svg-icon-cart" style="width:20px; height:20px">
                        <svg class="svg-inline icon-cart" xmlns="http://www.w3.org/2000/svg" viewBox="0 0 500 500" width="100%" height="100%"><path fill="#EB0203" fill-rule="evenodd" d="M 485.67317,94.386311 C 476.37798,83.847129 463.09468,78.03348 448.30404,78.03348 H 90.690813 L 87.079511,51.327997 C 83.185582,22.539551 62.962285,0 41.011841,0 H 14.727836 C 6.563151,0 0,6.5286975 0,14.580758 c 0,8.05206 6.5945535,14.580758 14.727836,14.580758 h 26.284005 c 4.710398,0 14.696435,9.855222 16.894619,26.021523 L 100.01739,368.0631 c 1.88416,13.77244 9.01256,26.70549 20.1605,36.37417 8.25889,7.15046 18.02511,11.9071 28.26237,13.89679 -4.17655,7.58572 -6.53175,16.25957 -6.53175,25.493 0,29.53459 24.27424,53.59751 54.13815,53.59751 29.8325,0 54.13814,-24.03184 54.13814,-53.59751 0,-8.79818 -2.19818,-17.09897 -5.9979,-24.43598 h 77.12488 c -3.79973,7.33701 -5.96652,15.6378 -5.96652,24.43598 0,29.53459 24.27424,53.59751 54.13817,53.59751 29.83249,0 54.13814,-24.03184 54.13814,-53.59751 0,-8.79818 -2.1982,-17.09897 -5.9979,-24.43598 h 38.56243 c 8.13328,0 14.72783,-6.5287 14.72783,-14.61183 0,-8.02098 -6.59455,-14.54967 -14.72783,-14.54967 H 159.24277 c -14.38241,0 -28.13677,-11.90711 -30.02092,-26.02153 l -3.07746,-22.88154 h 290.6314 c 14.03698,0 27.94834,-5.28513 39.06488,-14.95381 11.11652,-9.6376 18.27632,-22.57065 20.16048,-36.37417 l 21.10259,-156.78201 c 1.94694,-14.51858 -2.10398,-28.29103 -11.43057,-38.861299 z M 220.76053,443.82706 c 0,13.49265 -11.08513,24.46709 -24.68247,24.46709 -13.62874,0 -24.71387,-10.97444 -24.71387,-24.46709 0,-13.49262 11.08513,-24.43598 24.71387,-24.43598 13.59734,0 24.68247,10.94336 24.68247,24.43598 z m 173.43675,0 c 0,13.49265 -11.08512,24.46709 -24.68245,24.46709 -13.62876,0 -24.71388,-10.97444 -24.71388,-24.46709 0,-13.49262 11.08512,-24.43598 24.71388,-24.43598 13.59733,0 24.68245,10.94336 24.68245,24.43598 z m 73.7648,-314.46558 -21.13397,156.782 c -1.88416,14.11442 -15.63851,26.05261 -30.02091,26.05261 H 122.25046 L 94.616142,107.19499 H 448.33544 c 6.18632,0 11.61896,2.2695 15.23028,6.37326 3.64269,4.13484 5.21283,9.73086 4.39636,15.79323 z"></path></svg>
                        </span>
                        </span>
                        <span class="add-to-cart--text d-none d-sm-block">Carrinho</span>
                        </button>
                        </div>
                        </div>
                        </div>
                        </div>
                        
                        <div class="col-12 d-sm-none">
                        </div>
                        </div>
                        </div>
                        </div>
                        </div>
                        <div class="col-12 col-sm-3 col-lg-2 productTile" data-idx="33">
                        
                        <script type="text/javascript">//<!--
                        /* <![CDATA[ */
                        (function(){
                        try {
                            if(window.CQuotient) {
                            var cq_params = {};
                            
                            cq_params.cookieId = window.CQuotient.getCQCookieId();
                            cq_params.userId = window.CQuotient.getCQUserId();
                            cq_params.emailId = CQuotient.getCQHashedEmail();
                            cq_params.loginId = CQuotient.getCQHashedLogin();
                            cq_params.accumulate = true;
                            cq_params.products = [{
                                id: '5096631',
                                sku: ''
                            }];
                            cq_params.categoryId = 'mercearias';
                            cq_params.refinements = '[{\"name\":\"priceMin\",\"value\":\"0.01\"},{\"name\":\"priceMax\",\"value\":\"null\"},{\"name\":\"curr\",\"value\":\"EUR\"},{\"name\":\"Category\",\"value\":\"mercearias\"}]';
                            cq_params.personalized = 'false';
                            cq_params.sortingRule = 'FOOD_Mercearia';
                            cq_params.imageUUID = '__UNDEFINED__';
                            cq_params.realm = "BDVS";
                            cq_params.siteId = "continente";
                            cq_params.instanceType = "prd";
                            cq_params.queryLocale = "default";
                            cq_params.locale = window.CQuotient.locale;
                            
                            if(window.CQuotient.sendActivity)
                                window.CQuotient.sendActivity(CQuotient.clientId, 'viewCategory', cq_params);
                            else
                                window.CQuotient.activities.push({
                                    activityType: 'viewCategory',
                                    parameters: cq_params
                                });
                          }
                        } catch(err) {}
                        })();
                        /* ]]> */
                        // -->
                        </script>
                        <script type="text/javascript">//<!--
                        /* <![CDATA[ (viewCategoryProduct-active_data.js) */
                        (function(){
                        try {
                            if (dw.ac) {
                                var search_params = {};
                                search_params.persd = 'false';
                                search_params.refs = '[{\"name\":\"priceMin\",\"value\":\"0.01\"},{\"name\":\"priceMax\",\"value\":\"null\"},{\"name\":\"curr\",\"value\":\"EUR\"},{\"name\":\"Category\",\"value\":\"mercearias\"}]';
                                search_params.sort = 'FOOD_Mercearia';
                                search_params.imageUUID = '';
                                search_params.searchID = 'afeeff71-841d-471a-a4b6-1885a5ac2689';
                                search_params.locale = 'default';
                                search_params.queryLocale = 'default';
                                search_params.showProducts = 'true';
                                dw.ac.applyContext({category: "mercearias", searchData: search_params});
                                if (typeof dw.ac._scheduleDataSubmission === "function") {
                                    dw.ac._scheduleDataSubmission();
                                }
                            }
                        } catch(err) {}
                        })();
                        /* ]]> */
                        // -->
                        </script>
                        <script type="text/javascript">//<!--
                        /* <![CDATA[ (viewProduct-active_data.js) */
                        dw.ac._capture({id: "5096631", type: "searchhit"});
                        /* ]]> */
                        // -->
                        </script>
                        <div class="product" data-pid="5096631">
                        <div class="product-tile pid-5096631 ct-product-tile data-layer-pushed" data-delay-time="3000" data-variants-mapping="[]" data-in-cart-msg="no carrinho" data-one-product-added="Adicionado ao carrinho" data-remove-from-cart-msg="Removido do carrinho" data-stay-open="6000.0" data-product-tile-impression="{&quot;name&quot;:&quot;5096631&quot;,&quot;id&quot;:&quot;5096631&quot;,&quot;price&quot;:2.29,&quot;brand&quot;:&quot;Compal Essencial&quot;,&quot;category&quot;:[{&quot;category_level_1&quot;:&quot;Bebidas e Garrafeira&quot;},{&quot;category_level_2&quot;:&quot;Sumos e Refrigerantes&quot;},{&quot;category_level_3&quot;:&quot;Sumos 100% Fruta&quot;}],&quot;variant&quot;:&quot;&quot;}">
                        <div class="ct-inner-tile-wrap row no-gutters justify-content-center align-content-start">
                        
                        <div class="ct-image-container col-4 col-sm" data-confirmation-image="{&quot;url&quot;:&quot;https://www.continente.pt/dw/image/v2/BDVS_PRD/on/demandware.static/-/Sites-col-master-catalog/default/dwb78d3dca/images/col/509/5096631-frente.jpg?sw=87&amp;sh=80&quot;,&quot;fallbackimage&quot;:{&quot;url&quot;:&quot;https://www.continente.pt/dw/image/v2/BDVS_PRD/on/demandware.static/Sites-continente-Site/-/default/dw7c42b4da/images/noimagelarge_product.png?sw=87&amp;sh=80&quot;,&quot;title&quot;:&quot;Doses Fruta Maçã, Banana, Laranja e Ananás Kids&quot;,&quot;alt&quot;:&quot;Doses Fruta Maçã, Banana, Laranja e Ananás Kids&quot;},&quot;title&quot;:&quot;Doses Fruta Maçã, Banana, Laranja e Ananás Kids&quot;,&quot;alt&quot;:&quot;Doses Fruta Maçã, Banana, Laranja e Ananás Kids&quot;}">
                        <a href="https://www.continente.pt/produto/doses-fruta-maca-banana-laranja-e-ananas-kids-compal-essencial-5096631.html?cgid=mercearias">
                        <picture class="intrinsic intrinsic--square">
                        <img class="ct-tile-image lazyloaded" loading="lazy" onerror="this.onerror=null;this.src='/on/demandware.static/Sites-continente-Site/-/default/dw7c42b4da/images/noimagelarge_product.png';" data-src="https://www.continente.pt/dw/image/v2/BDVS_PRD/on/demandware.static/-/Sites-col-master-catalog/default/dwb78d3dca/images/col/509/5096631-frente.jpg?sw=280&amp;sh=280" alt="Doses Fruta Maçã, Banana, Laranja e Ananás Kids" title="Doses Fruta Maçã, Banana, Laranja e Ananás Kids" src="https://www.continente.pt/dw/image/v2/BDVS_PRD/on/demandware.static/-/Sites-col-master-catalog/default/dwb78d3dca/images/col/509/5096631-frente.jpg?sw=280&amp;sh=280">
                        </picture>
                        </a>
                        <div class="color-swatches d-flex" style="margin-left: 5px;">
                        <div class="swatches d-flex">
                        </div>
                        </div>
                        </div>
                        <div class="ct-tile-body col col-sm-auto ">
                        <div class="ct-pdp-details">
                        <div class="ct-pdp-link">
                        <a class="ct-tile--description" href="https://www.continente.pt/produto/doses-fruta-maca-banana-laranja-e-ananas-kids-compal-essencial-5096631.html?cgid=mercearias">Doses Fruta Maçã, Banana, Laranja e Ananás Kids</a>
                        <div class="ct-tile--favorite-top d-sm-none">
                        <button class="wishlist-toggler guest-mode inactive button button--tertiary" data-pid="5096631" data-add-url="https://www.continente.pt/on/demandware.store/Sites-continente-Site/default/Wishlist-AddProduct?pid=5096631" data-toggle="tooltip" aria-label="Adicionar aos favoritos " data-original-title="Adicionar aos favoritos" data-placement="top">
                        <svg class="active-content" width="100%" height="100%" viewBox="0 0 20 22" fill="none" xmlns="http://www.w3.org/2000/svg">
                        <path fill-rule="evenodd" clip-rule="evenodd" d="M0 1.53052C0 0.685236 0.692171 0 1.54601 0H15.0736C15.9274 0 16.6196 0.685235 16.6196 1.53052V13.4064L15.8127 13.922L14.2658 14.2658L12.7189 13.4064L10.6054 14.3818C10.4994 14.2451 10.3327 14.157 10.1452 14.157H6.76329C6.4431 14.157 6.18354 14.414 6.18354 14.731C6.18354 15.0479 6.4431 15.3049 6.76329 15.3049H10.1452C10.2478 15.3049 10.3441 15.2785 10.4277 15.2322L10.3126 16.8439L13.2345 20.2793H1.54601C0.69217 20.2793 0 19.5941 0 18.7488V1.53052ZM6.18354 5.5483C6.18354 5.23132 6.4431 4.97436 6.76329 4.97436H12.3676C12.6878 4.97436 12.9473 5.23132 12.9473 5.5483C12.9473 5.86528 12.6878 6.12224 12.3676 6.12224H6.76329C6.4431 6.12224 6.18354 5.86528 6.18354 5.5483ZM6.76329 11.0961C6.4431 11.0961 6.18354 11.3531 6.18354 11.6701C6.18354 11.987 6.4431 12.244 6.76329 12.244H12.3676C12.6878 12.244 12.9473 11.987 12.9473 11.6701C12.9473 11.3531 12.6878 11.0961 12.3676 11.0961H6.76329ZM6.18354 8.60985C6.18354 8.29287 6.4431 8.03591 6.76329 8.03591H12.3676C12.6878 8.03591 12.9473 8.29287 12.9473 8.60985C12.9473 8.92684 12.6878 9.1838 12.3676 9.1838H6.76329C6.4431 9.1838 6.18354 8.92684 6.18354 8.60985ZM3.67118 5.5483C3.67118 5.23132 3.93075 4.97436 4.25093 4.97436H4.63743C4.95762 4.97436 5.21719 5.23132 5.21719 5.5483C5.21719 5.86528 4.95762 6.12224 4.63743 6.12224H4.25093C3.93075 6.12224 3.67118 5.86528 3.67118 5.5483ZM4.25093 11.0961C3.93075 11.0961 3.67118 11.3531 3.67118 11.6701C3.67118 11.987 3.93075 12.244 4.25093 12.244H4.63743C4.95762 12.244 5.21719 11.987 5.21719 11.6701C5.21719 11.3531 4.95762 11.0961 4.63743 11.0961H4.25093ZM3.67118 8.60985C3.67118 8.29287 3.93075 8.03591 4.25093 8.03591H4.63743C4.95762 8.03591 5.21719 8.29287 5.21719 8.60985C5.21719 8.92684 4.95762 9.1838 4.63743 9.1838H4.25093C3.93075 9.1838 3.67118 8.92684 3.67118 8.60985ZM4.25093 14.157C3.93075 14.157 3.67118 14.414 3.67118 14.731C3.67118 15.0479 3.93075 15.3049 4.25093 15.3049H4.63743C4.95762 15.3049 5.21719 15.0479 5.21719 14.731C5.21719 14.414 4.95762 14.157 4.63743 14.157H4.25093Z" fill="#EB0203"></path>
                        <path fill-rule="evenodd" clip-rule="evenodd" d="M14.6252 13.6363C13.4918 12.6215 11.7817 12.5264 10.6569 13.4792C9.12421 14.7764 9.34841 16.8912 10.4409 18.0122L14.0159 21.6742C14.2197 21.8832 14.4928 22 14.7822 22C15.0737 22 15.3448 21.8852 15.5486 21.6762L19.1236 18.0142C20.214 16.8933 20.4423 14.7785 18.9075 13.4792C17.7827 12.5283 16.0724 12.6217 14.9391 13.6365C14.8855 13.6845 14.8331 13.7345 14.7822 13.7866C14.7313 13.7345 14.6789 13.6843 14.6252 13.6363ZM18.1546 14.3522C19.0973 15.1508 18.9962 16.4896 18.2891 17.2173C18.2888 17.2175 18.2886 17.2177 18.2884 17.218L14.7832 20.8084L11.2753 17.2151C11.2752 17.215 11.2751 17.2149 11.2749 17.2148C10.5677 16.4887 10.4678 15.1495 11.4104 14.3518L11.4108 14.3514C12.0745 13.7892 13.2018 13.82 13.9488 14.5846L14.7822 15.4378L15.6157 14.5846C16.3617 13.8211 17.4896 13.79 18.1545 14.3521" fill="#EB0203"></path>
                        </svg>
                        <svg class="inactive-content" width="100%" height="100%" viewBox="0 0 20 23" fill="none" xmlns="http://www.w3.org/2000/svg">
                        <path fill-rule="evenodd" clip-rule="evenodd" d="M6.18408 5.77914C6.18408 5.46223 6.44363 5.20532 6.7638 5.20532H12.3678C12.6879 5.20532 12.9475 5.46223 12.9475 5.77914C12.9475 6.09606 12.6879 6.35297 12.3678 6.35297H6.7638C6.44363 6.35297 6.18408 6.09606 6.18408 5.77914Z" fill="#EB0203"></path>
                        <path fill-rule="evenodd" clip-rule="evenodd" d="M6.18408 11.9034C6.18408 11.5865 6.44363 11.3296 6.7638 11.3296H12.3678C12.6879 11.3296 12.9475 11.5865 12.9475 11.9034C12.9475 12.2202 12.6879 12.4771 12.3678 12.4771H6.7638C6.44363 12.4771 6.18408 12.2202 6.18408 11.9034Z" fill="#EB0203"></path>
                        <path fill-rule="evenodd" clip-rule="evenodd" d="M6.18408 8.84116C6.18408 8.52424 6.44363 8.26733 6.7638 8.26733H12.3678C12.6879 8.26733 12.9475 8.52424 12.9475 8.84116C12.9475 9.15807 12.6879 9.41498 12.3678 9.41498H6.7638C6.44363 9.41498 6.18408 9.15807 6.18408 8.84116Z" fill="#EB0203"></path>
                        <path fill-rule="evenodd" clip-rule="evenodd" d="M6.18408 14.9655C6.18408 14.6486 6.44363 14.3917 6.7638 14.3917H10.1455C10.4657 14.3917 10.7252 14.6486 10.7252 14.9655C10.7252 15.2825 10.4657 15.5394 10.1455 15.5394H6.7638C6.44363 15.5394 6.18408 15.2825 6.18408 14.9655Z" fill="#EB0203"></path>
                        <path fill-rule="evenodd" clip-rule="evenodd" d="M3.67139 5.77914C3.67139 5.46223 3.93094 5.20532 4.25111 5.20532H4.63759C4.95776 5.20532 5.21731 5.46223 5.21731 5.77914C5.21731 6.09606 4.95776 6.35297 4.63759 6.35297H4.25111C3.93094 6.35297 3.67139 6.09606 3.67139 5.77914Z" fill="#EB0203"></path>
                        <path fill-rule="evenodd" clip-rule="evenodd" d="M3.67139 11.9034C3.67139 11.5865 3.93094 11.3296 4.25111 11.3296H4.63759C4.95776 11.3296 5.21731 11.5865 5.21731 11.9034C5.21731 12.2202 4.95776 12.4771 4.63759 12.4771H4.25111C3.93094 12.4771 3.67139 12.2202 3.67139 11.9034Z" fill="#EB0203"></path>
                        <path fill-rule="evenodd" clip-rule="evenodd" d="M3.67139 8.84116C3.67139 8.52424 3.93094 8.26733 4.25111 8.26733H4.63759C4.95776 8.26733 5.21731 8.52424 5.21731 8.84116C5.21731 9.15807 4.95776 9.41498 4.63759 9.41498H4.25111C3.93094 9.41498 3.67139 9.15807 3.67139 8.84116Z" fill="#EB0203"></path>
                        <path fill-rule="evenodd" clip-rule="evenodd" d="M3.67139 14.9655C3.67139 14.6486 3.93094 14.3917 4.25111 14.3917H4.63759C4.95776 14.3917 5.21731 14.6486 5.21731 14.9655C5.21731 15.2825 4.95776 15.5394 4.63759 15.5394H4.25111C3.93094 15.5394 3.67139 15.2825 3.67139 14.9655Z" fill="#EB0203"></path>
                        <path fill-rule="evenodd" clip-rule="evenodd" d="M0 1.76033C0 0.914738 0.692131 0.229248 1.54592 0.229248H15.0727C15.9265 0.229248 16.6186 0.914738 16.6186 1.76033V11.2818C16.6186 11.5989 16.3591 11.8559 16.0389 11.8559C15.7187 11.8559 15.4592 11.5989 15.4592 11.2818V1.76033C15.4592 1.54893 15.2862 1.37756 15.0727 1.37756H1.54592C1.33247 1.37756 1.15944 1.54893 1.15944 1.76033V18.985C1.15944 19.1964 1.33247 19.3678 1.54592 19.3678H9.27551C9.59568 19.3678 9.85523 19.6249 9.85523 19.942C9.85523 20.2591 9.59568 20.5161 9.27551 20.5161H1.54592C0.692131 20.5161 0 19.8306 0 18.985V1.76033Z" fill="#EB0203"></path>
                        <path fill-rule="evenodd" clip-rule="evenodd" d="M14.6254 13.8718C13.4921 12.8567 11.7821 12.7615 10.6574 13.7147C9.12472 15.0124 9.34891 17.128 10.4413 18.2493L14.0161 21.9126C14.2199 22.1217 14.493 22.2386 14.7824 22.2386C15.0739 22.2386 15.3449 22.1238 15.5487 21.9147L19.1235 18.2514C20.2139 17.13 20.4422 15.0144 18.9075 13.7147C17.7827 12.7634 16.0726 12.8569 14.9392 13.872C14.8856 13.92 14.8333 13.9701 14.7824 14.0222C14.7314 13.97 14.6791 13.9199 14.6254 13.8718ZM18.1546 14.588C19.0972 15.3869 18.9961 16.7262 18.2891 17.4541C18.2888 17.4543 18.2886 17.4546 18.2884 17.4548L14.7834 21.0466L11.2757 17.452C11.2756 17.4519 11.2755 17.4517 11.2753 17.4516C10.5681 16.7252 10.4682 15.3856 11.4108 14.5876L11.4112 14.5872C12.0748 14.0248 13.202 14.0556 13.949 14.8205L14.7824 15.674L15.6158 14.8205C16.3618 14.0567 17.4896 14.0256 18.1545 14.5879" fill="#EB0203"></path>
                        </svg>
                        </button>
                        </div>
                        </div>
                        <p class="ct-tile--brand">Compal Essencial</p>
                        <p class="ct-tile--quantity">emb. 3 x 11 cl</p>
                        </div>
                        <div class="ct-tile-bottom row no-gutters justify-content-between">
                        <div class="ct-price-wrap col-8 col-sm-12">
                        <div class="price js-product-price">
                        <div class="prices-wrapper">
                        <span class="sales ct-tile--price-primary ">
                        <span class="value" content="2.29">
                        <span class="ct-price-formatted">
                        €2,29
                        </span>
                        <span class="ct-m-unit">
                        /un
                        </span>
                        </span>
                        </span>
                        </div>
                        <div class="ct-tile--price-secondary">
                        <span class="ct-price-value">
                        €6,94
                        </span>
                        <span class="ct-m-unit">
                        /lt
                        </span>
                        </div>
                        </div>
                        </div>
                        <div class="ct-tile-buy-section d-flex justify-content-center no-gutters col-auto col-sm-12">
                        <div class="col-2 d-sm-flex d-none">
                        <button class="wishlist-toggler guest-mode inactive button button--tertiary" data-pid="5096631" data-add-url="https://www.continente.pt/on/demandware.store/Sites-continente-Site/default/Wishlist-AddProduct?pid=5096631" data-toggle="tooltip" aria-label="Adicionar aos favoritos " data-original-title="Adicionar aos favoritos" data-placement="top">
                        <svg class="active-content" width="100%" height="100%" viewBox="0 0 20 22" fill="none" xmlns="http://www.w3.org/2000/svg">
                        <path fill-rule="evenodd" clip-rule="evenodd" d="M0 1.53052C0 0.685236 0.692171 0 1.54601 0H15.0736C15.9274 0 16.6196 0.685235 16.6196 1.53052V13.4064L15.8127 13.922L14.2658 14.2658L12.7189 13.4064L10.6054 14.3818C10.4994 14.2451 10.3327 14.157 10.1452 14.157H6.76329C6.4431 14.157 6.18354 14.414 6.18354 14.731C6.18354 15.0479 6.4431 15.3049 6.76329 15.3049H10.1452C10.2478 15.3049 10.3441 15.2785 10.4277 15.2322L10.3126 16.8439L13.2345 20.2793H1.54601C0.69217 20.2793 0 19.5941 0 18.7488V1.53052ZM6.18354 5.5483C6.18354 5.23132 6.4431 4.97436 6.76329 4.97436H12.3676C12.6878 4.97436 12.9473 5.23132 12.9473 5.5483C12.9473 5.86528 12.6878 6.12224 12.3676 6.12224H6.76329C6.4431 6.12224 6.18354 5.86528 6.18354 5.5483ZM6.76329 11.0961C6.4431 11.0961 6.18354 11.3531 6.18354 11.6701C6.18354 11.987 6.4431 12.244 6.76329 12.244H12.3676C12.6878 12.244 12.9473 11.987 12.9473 11.6701C12.9473 11.3531 12.6878 11.0961 12.3676 11.0961H6.76329ZM6.18354 8.60985C6.18354 8.29287 6.4431 8.03591 6.76329 8.03591H12.3676C12.6878 8.03591 12.9473 8.29287 12.9473 8.60985C12.9473 8.92684 12.6878 9.1838 12.3676 9.1838H6.76329C6.4431 9.1838 6.18354 8.92684 6.18354 8.60985ZM3.67118 5.5483C3.67118 5.23132 3.93075 4.97436 4.25093 4.97436H4.63743C4.95762 4.97436 5.21719 5.23132 5.21719 5.5483C5.21719 5.86528 4.95762 6.12224 4.63743 6.12224H4.25093C3.93075 6.12224 3.67118 5.86528 3.67118 5.5483ZM4.25093 11.0961C3.93075 11.0961 3.67118 11.3531 3.67118 11.6701C3.67118 11.987 3.93075 12.244 4.25093 12.244H4.63743C4.95762 12.244 5.21719 11.987 5.21719 11.6701C5.21719 11.3531 4.95762 11.0961 4.63743 11.0961H4.25093ZM3.67118 8.60985C3.67118 8.29287 3.93075 8.03591 4.25093 8.03591H4.63743C4.95762 8.03591 5.21719 8.29287 5.21719 8.60985C5.21719 8.92684 4.95762 9.1838 4.63743 9.1838H4.25093C3.93075 9.1838 3.67118 8.92684 3.67118 8.60985ZM4.25093 14.157C3.93075 14.157 3.67118 14.414 3.67118 14.731C3.67118 15.0479 3.93075 15.3049 4.25093 15.3049H4.63743C4.95762 15.3049 5.21719 15.0479 5.21719 14.731C5.21719 14.414 4.95762 14.157 4.63743 14.157H4.25093Z" fill="#EB0203"></path>
                        <path fill-rule="evenodd" clip-rule="evenodd" d="M14.6252 13.6363C13.4918 12.6215 11.7817 12.5264 10.6569 13.4792C9.12421 14.7764 9.34841 16.8912 10.4409 18.0122L14.0159 21.6742C14.2197 21.8832 14.4928 22 14.7822 22C15.0737 22 15.3448 21.8852 15.5486 21.6762L19.1236 18.0142C20.214 16.8933 20.4423 14.7785 18.9075 13.4792C17.7827 12.5283 16.0724 12.6217 14.9391 13.6365C14.8855 13.6845 14.8331 13.7345 14.7822 13.7866C14.7313 13.7345 14.6789 13.6843 14.6252 13.6363ZM18.1546 14.3522C19.0973 15.1508 18.9962 16.4896 18.2891 17.2173C18.2888 17.2175 18.2886 17.2177 18.2884 17.218L14.7832 20.8084L11.2753 17.2151C11.2752 17.215 11.2751 17.2149 11.2749 17.2148C10.5677 16.4887 10.4678 15.1495 11.4104 14.3518L11.4108 14.3514C12.0745 13.7892 13.2018 13.82 13.9488 14.5846L14.7822 15.4378L15.6157 14.5846C16.3617 13.8211 17.4896 13.79 18.1545 14.3521" fill="#EB0203"></path>
                        </svg>
                        <svg class="inactive-content" width="100%" height="100%" viewBox="0 0 20 23" fill="none" xmlns="http://www.w3.org/2000/svg">
                        <path fill-rule="evenodd" clip-rule="evenodd" d="M6.18408 5.77914C6.18408 5.46223 6.44363 5.20532 6.7638 5.20532H12.3678C12.6879 5.20532 12.9475 5.46223 12.9475 5.77914C12.9475 6.09606 12.6879 6.35297 12.3678 6.35297H6.7638C6.44363 6.35297 6.18408 6.09606 6.18408 5.77914Z" fill="#EB0203"></path>
                        <path fill-rule="evenodd" clip-rule="evenodd" d="M6.18408 11.9034C6.18408 11.5865 6.44363 11.3296 6.7638 11.3296H12.3678C12.6879 11.3296 12.9475 11.5865 12.9475 11.9034C12.9475 12.2202 12.6879 12.4771 12.3678 12.4771H6.7638C6.44363 12.4771 6.18408 12.2202 6.18408 11.9034Z" fill="#EB0203"></path>
                        <path fill-rule="evenodd" clip-rule="evenodd" d="M6.18408 8.84116C6.18408 8.52424 6.44363 8.26733 6.7638 8.26733H12.3678C12.6879 8.26733 12.9475 8.52424 12.9475 8.84116C12.9475 9.15807 12.6879 9.41498 12.3678 9.41498H6.7638C6.44363 9.41498 6.18408 9.15807 6.18408 8.84116Z" fill="#EB0203"></path>
                        <path fill-rule="evenodd" clip-rule="evenodd" d="M6.18408 14.9655C6.18408 14.6486 6.44363 14.3917 6.7638 14.3917H10.1455C10.4657 14.3917 10.7252 14.6486 10.7252 14.9655C10.7252 15.2825 10.4657 15.5394 10.1455 15.5394H6.7638C6.44363 15.5394 6.18408 15.2825 6.18408 14.9655Z" fill="#EB0203"></path>
                        <path fill-rule="evenodd" clip-rule="evenodd" d="M3.67139 5.77914C3.67139 5.46223 3.93094 5.20532 4.25111 5.20532H4.63759C4.95776 5.20532 5.21731 5.46223 5.21731 5.77914C5.21731 6.09606 4.95776 6.35297 4.63759 6.35297H4.25111C3.93094 6.35297 3.67139 6.09606 3.67139 5.77914Z" fill="#EB0203"></path>
                        <path fill-rule="evenodd" clip-rule="evenodd" d="M3.67139 11.9034C3.67139 11.5865 3.93094 11.3296 4.25111 11.3296H4.63759C4.95776 11.3296 5.21731 11.5865 5.21731 11.9034C5.21731 12.2202 4.95776 12.4771 4.63759 12.4771H4.25111C3.93094 12.4771 3.67139 12.2202 3.67139 11.9034Z" fill="#EB0203"></path>
                        <path fill-rule="evenodd" clip-rule="evenodd" d="M3.67139 8.84116C3.67139 8.52424 3.93094 8.26733 4.25111 8.26733H4.63759C4.95776 8.26733 5.21731 8.52424 5.21731 8.84116C5.21731 9.15807 4.95776 9.41498 4.63759 9.41498H4.25111C3.93094 9.41498 3.67139 9.15807 3.67139 8.84116Z" fill="#EB0203"></path>
                        <path fill-rule="evenodd" clip-rule="evenodd" d="M3.67139 14.9655C3.67139 14.6486 3.93094 14.3917 4.25111 14.3917H4.63759C4.95776 14.3917 5.21731 14.6486 5.21731 14.9655C5.21731 15.2825 4.95776 15.5394 4.63759 15.5394H4.25111C3.93094 15.5394 3.67139 15.2825 3.67139 14.9655Z" fill="#EB0203"></path>
                        <path fill-rule="evenodd" clip-rule="evenodd" d="M0 1.76033C0 0.914738 0.692131 0.229248 1.54592 0.229248H15.0727C15.9265 0.229248 16.6186 0.914738 16.6186 1.76033V11.2818C16.6186 11.5989 16.3591 11.8559 16.0389 11.8559C15.7187 11.8559 15.4592 11.5989 15.4592 11.2818V1.76033C15.4592 1.54893 15.2862 1.37756 15.0727 1.37756H1.54592C1.33247 1.37756 1.15944 1.54893 1.15944 1.76033V18.985C1.15944 19.1964 1.33247 19.3678 1.54592 19.3678H9.27551C9.59568 19.3678 9.85523 19.6249 9.85523 19.942C9.85523 20.2591 9.59568 20.5161 9.27551 20.5161H1.54592C0.692131 20.5161 0 19.8306 0 18.985V1.76033Z" fill="#EB0203"></path>
                        <path fill-rule="evenodd" clip-rule="evenodd" d="M14.6254 13.8718C13.4921 12.8567 11.7821 12.7615 10.6574 13.7147C9.12472 15.0124 9.34891 17.128 10.4413 18.2493L14.0161 21.9126C14.2199 22.1217 14.493 22.2386 14.7824 22.2386C15.0739 22.2386 15.3449 22.1238 15.5487 21.9147L19.1235 18.2514C20.2139 17.13 20.4422 15.0144 18.9075 13.7147C17.7827 12.7634 16.0726 12.8569 14.9392 13.872C14.8856 13.92 14.8333 13.9701 14.7824 14.0222C14.7314 13.97 14.6791 13.9199 14.6254 13.8718ZM18.1546 14.588C19.0972 15.3869 18.9961 16.7262 18.2891 17.4541C18.2888 17.4543 18.2886 17.4546 18.2884 17.4548L14.7834 21.0466L11.2757 17.452C11.2756 17.4519 11.2755 17.4517 11.2753 17.4516C10.5681 16.7252 10.4682 15.3856 11.4108 14.5876L11.4112 14.5872C12.0748 14.0248 13.202 14.0556 13.949 14.8205L14.7824 15.674L15.6158 14.8205C16.3618 14.0567 17.4896 14.0256 18.1545 14.5879" fill="#EB0203"></path>
                        </svg>
                        </button>
                        </div>
                        <div class="col-sm-10 col-12">
                        <div class="ct-tile-quantity d-none" data-pid="5096631">
                        <input type="hidden" class="add-to-cart-url" value="https://www.continente.pt/on/demandware.store/Sites-continente-Site/default/Cart-AddProduct">
                        <div class="d-none tile-delete-confirmation-btn" data-pid="5096631" data-delay-time="3000" data-in-cart-msg="no carrinho" data-one-product-added="Adicionado ao carrinho" data-remove-from-cart-msg="Removido do carrinho" data-stay-open="6000.0" data-confirmation-image="{&quot;url&quot;:&quot;https://www.continente.pt/dw/image/v2/BDVS_PRD/on/demandware.static/-/Sites-col-master-catalog/default/dwb78d3dca/images/col/509/5096631-frente.jpg?sw=87&amp;sh=80&quot;,&quot;fallbackimage&quot;:{&quot;url&quot;:&quot;https://www.continente.pt/dw/image/v2/BDVS_PRD/on/demandware.static/Sites-continente-Site/-/default/dw7c42b4da/images/noimagelarge_product.png?sw=87&amp;sh=80&quot;,&quot;title&quot;:&quot;Doses Fruta Maçã, Banana, Laranja e Ananás Kids&quot;,&quot;alt&quot;:&quot;Doses Fruta Maçã, Banana, Laranja e Ananás Kids&quot;},&quot;title&quot;:&quot;Doses Fruta Maçã, Banana, Laranja e Ananás Kids&quot;,&quot;alt&quot;:&quot;Doses Fruta Maçã, Banana, Laranja e Ananás Kids&quot;}"></div>
                        <div class="ct-tile-quantity-update quantity-update product-qty-vue" data-remove-action="https://www.continente.pt/on/demandware.store/Sites-continente-Site/default/Cart-RemoveProductLineItem" data-action="https://www.continente.pt/on/demandware.store/Sites-continente-Site/default/Cart-UpdateQuantity" data-dimension-update="https://www.continente.pt/on/demandware.store/Sites-continente-Site/default/Cart-DimensionUpdate" data-pid="5096631" data-uuid="94af87402013f62db77964366b" data-add-delay="500.0" data-measure-options="{&quot;hasConversionRate&quot;:false,&quot;hasAlternativeSaleUnit&quot;:false,&quot;unitConversionRate&quot;:0,&quot;minOrderQuantity&quot;:1,&quot;stepQuantity&quot;:1,&quot;primaryunit&quot;:&quot;un&quot;,&quot;secondaryunit&quot;:&quot;lt&quot;,&quot;selectedunit&quot;:&quot;primary&quot;,&quot;maxNumberOfUnitsPerSale&quot;:50}" data-price-available="null" :data-has-error="isMaxQtyReached || isMinQtyReached || qtySelectedMoreThanOne">
                        <template v-show="prodUnits">
                        <div class="quantity-input-wrapper has-units">
                        <label class="visually-hidden" :for="'quantity-' + pid + additionalTag">
                        Quantidade no carrinho
                        </label>
                        <input :ref="'quantityInput-' + pid + additionalTag" class="add-to-cart-quantity form-control ct-form-input text-center" inputmode="numeric" :class="{'is-invalid': isInvalid}" :data-pid="pid + additionalTag" :name="'quantity-' + pid + additionalTag" type="text" aria-label="Insira a quantidade" title="" v-model="displayValue" @change="updateQuantity" @focus="updateQtyFormat" @blur="restoreQtyFormat" :disabled="!isPriceAvailable">
                        <span class="quantity-icon quantity-icon--minus">
                        <button class="decrease-quantity-btn" @click="updateQuantity" :disabled="!isPriceAvailable" role="button" aria-label="Reduzir quantidade">
                        <i class="css-math-minus"></i>
                        </button>
                        </span>
                        <span class="quantity-icon quantity-icon--plus">
                        <button class="increase-quantity-btn" @click="updateQuantity" :disabled="isMaxQtyReached || !isPriceAvailable" role="button" aria-label="Aumentar quantidade">
                        <i class="css-math-plus"></i>
                        </button>
                        <span class="quantity-btn-disabled-placeholder"></span>
                        </span>
                        <template v-if="isPDP">
                        <span class="quantity-error ct-span-error text-sm-center product-max-allocation" v-if="isMaxQtyReached">
                        Quantidade máxima atingida
                        </span>
                        <span class="quantity-error ct-span-product text-sm-center product-allocation" v-if="!isMinQtyReached &amp;&amp; !isMaxQtyReached">
                        {{quantitySelected}} no carrinho
                        </span>
                        <span class="quantity-error ct-span-error text-sm-center product-min-allocation" :data-pid="pid" v-if="isMinQtyReached &amp;&amp; !isMaxQtyReached">
                        Quantidade mínima atingida
                        </span>
                        </template>
                        </div>
                        <template v-if="showNotes">
                        <div class="add-note-link-container ">
                        <div class="add-note">
                        <a href="/produto/doses-fruta-maca-banana-laranja-e-ananas-kids-compal-essencial-5096631.html?showNote=true" class="ct-add-note-redirect-pdp" aria-label="Adicionar comentário">
                        <span class="svg-wrapper svg-icon-notes" style="width:19px; height:20px">
                        <svg class="svg-inline icon-notes" viewBox="0 0 28 30" xmlns="http://www.w3.org/2000/svg" width="100%" height="100%"><path d="M21.738 0C22.985 0 24 1.04 24 2.319V12.47c0 .469-.37.848-.828.848-.457 0-.827-.38-.827-.848V2.32c0-.343-.273-.622-.607-.622H2.262c-.334 0-.607.279-.607.622V27.68c0 .343.273.622.607.622h7.81c.457 0 .827.38.827.849 0 .468-.37.848-.827.848h-7.81C1.015 30 0 28.96 0 27.681V2.32C0 1.04 1.015 0 2.262 0h19.476zm2.844 16.004l.227.007c.823.053 1.589.39 2.176.964.64.627.993 1.46.993 2.349 0 .888-.353 1.722-.993 2.348l-6.83 6.665c-.11.108-.247.186-.397.226l-5.032 1.363c-.078.021-.16.032-.241.032-.242 0-.478-.097-.647-.266-.23-.231-.314-.566-.218-.874l1.49-4.798c.044-.139.122-.266.227-.369l6.844-6.677c.64-.625 1.493-.97 2.401-.97zm-2.886 3.94l-4.922 4.802-.947 3.048 3.22-.872 4.897-4.78-2.248-2.197zm2.887-2.174c-.425 0-.824.162-1.124.455l-.484.472 2.248 2.197.484-.472c.62-.606.62-1.591 0-2.197l-.117-.104c-.283-.227-.636-.35-1.007-.35zm-10.839.022c.498 0 .904.396.904.883 0 .488-.406.884-.904.884H5.946c-.499 0-.904-.396-.904-.884 0-.487.405-.883.904-.883zm5.042-4.876c.498 0 .904.397.904.884s-.406.884-.904.884H5.946c-.499 0-.904-.397-.904-.884s.405-.884.904-.884zm0-4.875c.498 0 .904.396.904.884 0 .487-.406.883-.904.883H5.946c-.499 0-.904-.396-.904-.883 0-.488.405-.884.904-.884z" fill="#EB0203" fill-rule="evenodd"></path></svg>
                        </span>
                        <div class="available-note d-none"></div>
                        </a>
                        </div>
                        </div>
                        </template>
                        <div class="measurement-unit-section" v-if="isPriceAvailable &amp;&amp; prodUnits ? prodUnits.hasAlternativeUnit : false">
                        <div class="ct-form-radio" @click="setDimension">
                        <input type="radio" title="" class="ct-form-check-input product-measurement-unit" :data-type="prodUnits.selectedUnit == prodUnits.secondaryUnit ? 'primary' : ''" :id="prodUnits.secondaryUnit + '-' + pid + '-measurement-unit-ptile' + additionalTag" :name="'measurement-unit-' + pid + '-ptile' + additionalTag" :value="prodUnits.secondaryUnit" v-model="prodUnits.selectedUnit">
                        <label :class="prodUnits.secondaryUnit + '-label ct-form-check-label mb-0'" :for="prodUnits.secondaryUnit + '-' + pid + '-measurement-unit-ptile' + additionalTag">
                        {{prodUnits.secondaryUnit}}
                        </label>
                        <span class="checkmark"></span>
                        </div>
                        <div class="ct-form-radio" @click="setDimension">
                        <input type="radio" title="" class="ct-form-check-input product-measurement-unit" :data-type="prodUnits.selectedUnit == prodUnits.primaryUnit ? 'primary' : ''" :id="prodUnits.primaryUnit + '-' + pid + '-measurement-unit-ptile' + additionalTag" :name="'measurement-unit-' + pid + '-ptile' + additionalTag" :value="prodUnits.primaryUnit" v-model="prodUnits.selectedUnit">
                        <label :class="prodUnits.primaryUnit + '-label ct-form-check-label mb-0'" :for="prodUnits.primaryUnit + '-' + pid + '-measurement-unit-ptile' + additionalTag">
                        {{prodUnits.primaryUnit}}
                        </label>
                        <span class="checkmark"></span>
                        </div>
                        </div>
                        <template v-if="!isPDP &amp;&amp; isPriceAvailable">
                        <span class="quantity-error ct-span-error product-max-allocation" v-if="isMaxQtyReached">
                        Quantidade máxima atingida
                        </span>
                        <span class="quantity-error ct-span-product product-allocation" v-if="!isMinQtyReached &amp;&amp; !isMaxQtyReached">
                        {{quantitySelected}} no carrinho
                        </span>
                        <span class="quantity-error ct-span-error product-min-allocation" :data-pid="pid" v-if="isMinQtyReached &amp;&amp; !isMaxQtyReached">
                        Quantidade mínima atingida
                        </span>
                        </template>
                        </template>
                        </div>
                        <input class="quantity-value-mask d-none" name="quantity" type="number" min="0" value="">
                        </div>
                        <button type="button" class="add-to-cart button js-add-to-cart js-add-to-cart-tile 5096631 button--primary dynamic-layout-btn" data-toggle="modal" data-target="#chooseBonusProductModal" data-pid="5096631" data-quantity-value="null" aria-label="Carrinho">
                        <span class="d-block d-sm-none">
                        <span class="svg-wrapper svg-icon-cart" style="width:20px; height:20px">
                        <svg class="svg-inline icon-cart" xmlns="http://www.w3.org/2000/svg" viewBox="0 0 500 500" width="100%" height="100%"><path fill="#EB0203" fill-rule="evenodd" d="M 485.67317,94.386311 C 476.37798,83.847129 463.09468,78.03348 448.30404,78.03348 H 90.690813 L 87.079511,51.327997 C 83.185582,22.539551 62.962285,0 41.011841,0 H 14.727836 C 6.563151,0 0,6.5286975 0,14.580758 c 0,8.05206 6.5945535,14.580758 14.727836,14.580758 h 26.284005 c 4.710398,0 14.696435,9.855222 16.894619,26.021523 L 100.01739,368.0631 c 1.88416,13.77244 9.01256,26.70549 20.1605,36.37417 8.25889,7.15046 18.02511,11.9071 28.26237,13.89679 -4.17655,7.58572 -6.53175,16.25957 -6.53175,25.493 0,29.53459 24.27424,53.59751 54.13815,53.59751 29.8325,0 54.13814,-24.03184 54.13814,-53.59751 0,-8.79818 -2.19818,-17.09897 -5.9979,-24.43598 h 77.12488 c -3.79973,7.33701 -5.96652,15.6378 -5.96652,24.43598 0,29.53459 24.27424,53.59751 54.13817,53.59751 29.83249,0 54.13814,-24.03184 54.13814,-53.59751 0,-8.79818 -2.1982,-17.09897 -5.9979,-24.43598 h 38.56243 c 8.13328,0 14.72783,-6.5287 14.72783,-14.61183 0,-8.02098 -6.59455,-14.54967 -14.72783,-14.54967 H 159.24277 c -14.38241,0 -28.13677,-11.90711 -30.02092,-26.02153 l -3.07746,-22.88154 h 290.6314 c 14.03698,0 27.94834,-5.28513 39.06488,-14.95381 11.11652,-9.6376 18.27632,-22.57065 20.16048,-36.37417 l 21.10259,-156.78201 c 1.94694,-14.51858 -2.10398,-28.29103 -11.43057,-38.861299 z M 220.76053,443.82706 c 0,13.49265 -11.08513,24.46709 -24.68247,24.46709 -13.62874,0 -24.71387,-10.97444 -24.71387,-24.46709 0,-13.49262 11.08513,-24.43598 24.71387,-24.43598 13.59734,0 24.68247,10.94336 24.68247,24.43598 z m 173.43675,0 c 0,13.49265 -11.08512,24.46709 -24.68245,24.46709 -13.62876,0 -24.71388,-10.97444 -24.71388,-24.46709 0,-13.49262 11.08512,-24.43598 24.71388,-24.43598 13.59733,0 24.68245,10.94336 24.68245,24.43598 z m 73.7648,-314.46558 -21.13397,156.782 c -1.88416,14.11442 -15.63851,26.05261 -30.02091,26.05261 H 122.25046 L 94.616142,107.19499 H 448.33544 c 6.18632,0 11.61896,2.2695 15.23028,6.37326 3.64269,4.13484 5.21283,9.73086 4.39636,15.79323 z"></path></svg>
                        </span>
                        </span>
                        <span class="add-to-cart--text d-none d-sm-block">Carrinho</span>
                        </button>
                        </div>
                        </div>
                        </div>
                        </div>
                        
                        <div class="col-12 d-sm-none">
                        </div>
                        </div>
                        </div>
                        </div>
                        </div>
                        <div class="col-12 col-sm-3 col-lg-2 productTile" data-idx="34">
                        
                        <script type="text/javascript">//<!--
                        /* <![CDATA[ */
                        (function(){
                        try {
                            if(window.CQuotient) {
                            var cq_params = {};
                            
                            cq_params.cookieId = window.CQuotient.getCQCookieId();
                            cq_params.userId = window.CQuotient.getCQUserId();
                            cq_params.emailId = CQuotient.getCQHashedEmail();
                            cq_params.loginId = CQuotient.getCQHashedLogin();
                            cq_params.accumulate = true;
                            cq_params.products = [{
                                id: '6998175',
                                sku: ''
                            }];
                            cq_params.categoryId = 'mercearias';
                            cq_params.refinements = '[{\"name\":\"priceMin\",\"value\":\"0.01\"},{\"name\":\"priceMax\",\"value\":\"null\"},{\"name\":\"curr\",\"value\":\"EUR\"},{\"name\":\"Category\",\"value\":\"mercearias\"}]';
                            cq_params.personalized = 'false';
                            cq_params.sortingRule = 'FOOD_Mercearia';
                            cq_params.imageUUID = '__UNDEFINED__';
                            cq_params.realm = "BDVS";
                            cq_params.siteId = "continente";
                            cq_params.instanceType = "prd";
                            cq_params.queryLocale = "default";
                            cq_params.locale = window.CQuotient.locale;
                            
                            if(window.CQuotient.sendActivity)
                                window.CQuotient.sendActivity(CQuotient.clientId, 'viewCategory', cq_params);
                            else
                                window.CQuotient.activities.push({
                                    activityType: 'viewCategory',
                                    parameters: cq_params
                                });
                          }
                        } catch(err) {}
                        })();
                        /* ]]> */
                        // -->
                        </script>
                        <script type="text/javascript">//<!--
                        /* <![CDATA[ (viewCategoryProduct-active_data.js) */
                        (function(){
                        try {
                            if (dw.ac) {
                                var search_params = {};
                                search_params.persd = 'false';
                                search_params.refs = '[{\"name\":\"priceMin\",\"value\":\"0.01\"},{\"name\":\"priceMax\",\"value\":\"null\"},{\"name\":\"curr\",\"value\":\"EUR\"},{\"name\":\"Category\",\"value\":\"mercearias\"}]';
                                search_params.sort = 'FOOD_Mercearia';
                                search_params.imageUUID = '';
                                search_params.searchID = 'afeeff71-841d-471a-a4b6-1885a5ac2689';
                                search_params.locale = 'default';
                                search_params.queryLocale = 'default';
                                search_params.showProducts = 'true';
                                dw.ac.applyContext({category: "mercearias", searchData: search_params});
                                if (typeof dw.ac._scheduleDataSubmission === "function") {
                                    dw.ac._scheduleDataSubmission();
                                }
                            }
                        } catch(err) {}
                        })();
                        /* ]]> */
                        // -->
                        </script>
                        <script type="text/javascript">//<!--
                        /* <![CDATA[ (viewProduct-active_data.js) */
                        dw.ac._capture({id: "6998175", type: "searchhit"});
                        /* ]]> */
                        // -->
                        </script>
                        <div class="product" data-pid="6998175">
                        <div class="product-tile pid-6998175 ct-product-tile data-layer-pushed" data-delay-time="3000" data-variants-mapping="[]" data-in-cart-msg="no carrinho" data-one-product-added="Adicionado ao carrinho" data-remove-from-cart-msg="Removido do carrinho" data-stay-open="6000.0" data-product-tile-impression="{&quot;name&quot;:&quot;6998175&quot;,&quot;id&quot;:&quot;6998175&quot;,&quot;price&quot;:2.99,&quot;brand&quot;:&quot;Continente&quot;,&quot;category&quot;:[{&quot;category_level_1&quot;:&quot;Frutas e Legumes&quot;},{&quot;category_level_2&quot;:&quot;Frutos Secos, Desidratados e Sementes&quot;}],&quot;variant&quot;:&quot;&quot;}">
                        <div class="ct-inner-tile-wrap row no-gutters justify-content-center align-content-start">
                        
                        <div class="ct-image-container col-4 col-sm" data-confirmation-image="{&quot;url&quot;:&quot;https://www.continente.pt/dw/image/v2/BDVS_PRD/on/demandware.static/-/Sites-col-master-catalog/default/dwe48e1baf/images/col/699/6998175-frente.jpg?sw=87&amp;sh=80&quot;,&quot;fallbackimage&quot;:{&quot;url&quot;:&quot;https://www.continente.pt/dw/image/v2/BDVS_PRD/on/demandware.static/Sites-continente-Site/-/default/dw7c42b4da/images/noimagelarge_product.png?sw=87&amp;sh=80&quot;,&quot;title&quot;:&quot;Miolo de Caju Cru&quot;,&quot;alt&quot;:&quot;Miolo de Caju Cru&quot;},&quot;title&quot;:&quot;Miolo de Caju Cru&quot;,&quot;alt&quot;:&quot;Miolo de Caju Cru&quot;}">
                        <a href="https://www.continente.pt/produto/miolo-de-caju-cru-continente-6998175.html?cgid=mercearias">
                        <picture class="intrinsic intrinsic--square">
                        <img class="ct-tile-image lazyloaded" loading="lazy" onerror="this.onerror=null;this.src='/on/demandware.static/Sites-continente-Site/-/default/dw7c42b4da/images/noimagelarge_product.png';" data-src="https://www.continente.pt/dw/image/v2/BDVS_PRD/on/demandware.static/-/Sites-col-master-catalog/default/dwe48e1baf/images/col/699/6998175-frente.jpg?sw=280&amp;sh=280" alt="Miolo de Caju Cru" title="Miolo de Caju Cru" src="https://www.continente.pt/dw/image/v2/BDVS_PRD/on/demandware.static/-/Sites-col-master-catalog/default/dwe48e1baf/images/col/699/6998175-frente.jpg?sw=280&amp;sh=280">
                        </picture>
                        </a>
                        <div class="color-swatches d-flex" style="margin-left: 5px;">
                        <div class="swatches d-flex">
                        </div>
                        </div>
                        </div>
                        <div class="ct-tile-body col col-sm-auto ">
                        <div class="ct-pdp-details">
                        <div class="ct-pdp-link">
                        <a class="ct-tile--description" href="https://www.continente.pt/produto/miolo-de-caju-cru-continente-6998175.html?cgid=mercearias">Miolo de Caju Cru</a>
                        <div class="ct-tile--favorite-top d-sm-none">
                        <button class="wishlist-toggler guest-mode inactive button button--tertiary" data-pid="6998175" data-add-url="https://www.continente.pt/on/demandware.store/Sites-continente-Site/default/Wishlist-AddProduct?pid=6998175" data-toggle="tooltip" aria-label="Adicionar aos favoritos " data-original-title="Adicionar aos favoritos" data-placement="top">
                        <svg class="active-content" width="100%" height="100%" viewBox="0 0 20 22" fill="none" xmlns="http://www.w3.org/2000/svg">
                        <path fill-rule="evenodd" clip-rule="evenodd" d="M0 1.53052C0 0.685236 0.692171 0 1.54601 0H15.0736C15.9274 0 16.6196 0.685235 16.6196 1.53052V13.4064L15.8127 13.922L14.2658 14.2658L12.7189 13.4064L10.6054 14.3818C10.4994 14.2451 10.3327 14.157 10.1452 14.157H6.76329C6.4431 14.157 6.18354 14.414 6.18354 14.731C6.18354 15.0479 6.4431 15.3049 6.76329 15.3049H10.1452C10.2478 15.3049 10.3441 15.2785 10.4277 15.2322L10.3126 16.8439L13.2345 20.2793H1.54601C0.69217 20.2793 0 19.5941 0 18.7488V1.53052ZM6.18354 5.5483C6.18354 5.23132 6.4431 4.97436 6.76329 4.97436H12.3676C12.6878 4.97436 12.9473 5.23132 12.9473 5.5483C12.9473 5.86528 12.6878 6.12224 12.3676 6.12224H6.76329C6.4431 6.12224 6.18354 5.86528 6.18354 5.5483ZM6.76329 11.0961C6.4431 11.0961 6.18354 11.3531 6.18354 11.6701C6.18354 11.987 6.4431 12.244 6.76329 12.244H12.3676C12.6878 12.244 12.9473 11.987 12.9473 11.6701C12.9473 11.3531 12.6878 11.0961 12.3676 11.0961H6.76329ZM6.18354 8.60985C6.18354 8.29287 6.4431 8.03591 6.76329 8.03591H12.3676C12.6878 8.03591 12.9473 8.29287 12.9473 8.60985C12.9473 8.92684 12.6878 9.1838 12.3676 9.1838H6.76329C6.4431 9.1838 6.18354 8.92684 6.18354 8.60985ZM3.67118 5.5483C3.67118 5.23132 3.93075 4.97436 4.25093 4.97436H4.63743C4.95762 4.97436 5.21719 5.23132 5.21719 5.5483C5.21719 5.86528 4.95762 6.12224 4.63743 6.12224H4.25093C3.93075 6.12224 3.67118 5.86528 3.67118 5.5483ZM4.25093 11.0961C3.93075 11.0961 3.67118 11.3531 3.67118 11.6701C3.67118 11.987 3.93075 12.244 4.25093 12.244H4.63743C4.95762 12.244 5.21719 11.987 5.21719 11.6701C5.21719 11.3531 4.95762 11.0961 4.63743 11.0961H4.25093ZM3.67118 8.60985C3.67118 8.29287 3.93075 8.03591 4.25093 8.03591H4.63743C4.95762 8.03591 5.21719 8.29287 5.21719 8.60985C5.21719 8.92684 4.95762 9.1838 4.63743 9.1838H4.25093C3.93075 9.1838 3.67118 8.92684 3.67118 8.60985ZM4.25093 14.157C3.93075 14.157 3.67118 14.414 3.67118 14.731C3.67118 15.0479 3.93075 15.3049 4.25093 15.3049H4.63743C4.95762 15.3049 5.21719 15.0479 5.21719 14.731C5.21719 14.414 4.95762 14.157 4.63743 14.157H4.25093Z" fill="#EB0203"></path>
                        <path fill-rule="evenodd" clip-rule="evenodd" d="M14.6252 13.6363C13.4918 12.6215 11.7817 12.5264 10.6569 13.4792C9.12421 14.7764 9.34841 16.8912 10.4409 18.0122L14.0159 21.6742C14.2197 21.8832 14.4928 22 14.7822 22C15.0737 22 15.3448 21.8852 15.5486 21.6762L19.1236 18.0142C20.214 16.8933 20.4423 14.7785 18.9075 13.4792C17.7827 12.5283 16.0724 12.6217 14.9391 13.6365C14.8855 13.6845 14.8331 13.7345 14.7822 13.7866C14.7313 13.7345 14.6789 13.6843 14.6252 13.6363ZM18.1546 14.3522C19.0973 15.1508 18.9962 16.4896 18.2891 17.2173C18.2888 17.2175 18.2886 17.2177 18.2884 17.218L14.7832 20.8084L11.2753 17.2151C11.2752 17.215 11.2751 17.2149 11.2749 17.2148C10.5677 16.4887 10.4678 15.1495 11.4104 14.3518L11.4108 14.3514C12.0745 13.7892 13.2018 13.82 13.9488 14.5846L14.7822 15.4378L15.6157 14.5846C16.3617 13.8211 17.4896 13.79 18.1545 14.3521" fill="#EB0203"></path>
                        </svg>
                        <svg class="inactive-content" width="100%" height="100%" viewBox="0 0 20 23" fill="none" xmlns="http://www.w3.org/2000/svg">
                        <path fill-rule="evenodd" clip-rule="evenodd" d="M6.18408 5.77914C6.18408 5.46223 6.44363 5.20532 6.7638 5.20532H12.3678C12.6879 5.20532 12.9475 5.46223 12.9475 5.77914C12.9475 6.09606 12.6879 6.35297 12.3678 6.35297H6.7638C6.44363 6.35297 6.18408 6.09606 6.18408 5.77914Z" fill="#EB0203"></path>
                        <path fill-rule="evenodd" clip-rule="evenodd" d="M6.18408 11.9034C6.18408 11.5865 6.44363 11.3296 6.7638 11.3296H12.3678C12.6879 11.3296 12.9475 11.5865 12.9475 11.9034C12.9475 12.2202 12.6879 12.4771 12.3678 12.4771H6.7638C6.44363 12.4771 6.18408 12.2202 6.18408 11.9034Z" fill="#EB0203"></path>
                        <path fill-rule="evenodd" clip-rule="evenodd" d="M6.18408 8.84116C6.18408 8.52424 6.44363 8.26733 6.7638 8.26733H12.3678C12.6879 8.26733 12.9475 8.52424 12.9475 8.84116C12.9475 9.15807 12.6879 9.41498 12.3678 9.41498H6.7638C6.44363 9.41498 6.18408 9.15807 6.18408 8.84116Z" fill="#EB0203"></path>
                        <path fill-rule="evenodd" clip-rule="evenodd" d="M6.18408 14.9655C6.18408 14.6486 6.44363 14.3917 6.7638 14.3917H10.1455C10.4657 14.3917 10.7252 14.6486 10.7252 14.9655C10.7252 15.2825 10.4657 15.5394 10.1455 15.5394H6.7638C6.44363 15.5394 6.18408 15.2825 6.18408 14.9655Z" fill="#EB0203"></path>
                        <path fill-rule="evenodd" clip-rule="evenodd" d="M3.67139 5.77914C3.67139 5.46223 3.93094 5.20532 4.25111 5.20532H4.63759C4.95776 5.20532 5.21731 5.46223 5.21731 5.77914C5.21731 6.09606 4.95776 6.35297 4.63759 6.35297H4.25111C3.93094 6.35297 3.67139 6.09606 3.67139 5.77914Z" fill="#EB0203"></path>
                        <path fill-rule="evenodd" clip-rule="evenodd" d="M3.67139 11.9034C3.67139 11.5865 3.93094 11.3296 4.25111 11.3296H4.63759C4.95776 11.3296 5.21731 11.5865 5.21731 11.9034C5.21731 12.2202 4.95776 12.4771 4.63759 12.4771H4.25111C3.93094 12.4771 3.67139 12.2202 3.67139 11.9034Z" fill="#EB0203"></path>
                        <path fill-rule="evenodd" clip-rule="evenodd" d="M3.67139 8.84116C3.67139 8.52424 3.93094 8.26733 4.25111 8.26733H4.63759C4.95776 8.26733 5.21731 8.52424 5.21731 8.84116C5.21731 9.15807 4.95776 9.41498 4.63759 9.41498H4.25111C3.93094 9.41498 3.67139 9.15807 3.67139 8.84116Z" fill="#EB0203"></path>
                        <path fill-rule="evenodd" clip-rule="evenodd" d="M3.67139 14.9655C3.67139 14.6486 3.93094 14.3917 4.25111 14.3917H4.63759C4.95776 14.3917 5.21731 14.6486 5.21731 14.9655C5.21731 15.2825 4.95776 15.5394 4.63759 15.5394H4.25111C3.93094 15.5394 3.67139 15.2825 3.67139 14.9655Z" fill="#EB0203"></path>
                        <path fill-rule="evenodd" clip-rule="evenodd" d="M0 1.76033C0 0.914738 0.692131 0.229248 1.54592 0.229248H15.0727C15.9265 0.229248 16.6186 0.914738 16.6186 1.76033V11.2818C16.6186 11.5989 16.3591 11.8559 16.0389 11.8559C15.7187 11.8559 15.4592 11.5989 15.4592 11.2818V1.76033C15.4592 1.54893 15.2862 1.37756 15.0727 1.37756H1.54592C1.33247 1.37756 1.15944 1.54893 1.15944 1.76033V18.985C1.15944 19.1964 1.33247 19.3678 1.54592 19.3678H9.27551C9.59568 19.3678 9.85523 19.6249 9.85523 19.942C9.85523 20.2591 9.59568 20.5161 9.27551 20.5161H1.54592C0.692131 20.5161 0 19.8306 0 18.985V1.76033Z" fill="#EB0203"></path>
                        <path fill-rule="evenodd" clip-rule="evenodd" d="M14.6254 13.8718C13.4921 12.8567 11.7821 12.7615 10.6574 13.7147C9.12472 15.0124 9.34891 17.128 10.4413 18.2493L14.0161 21.9126C14.2199 22.1217 14.493 22.2386 14.7824 22.2386C15.0739 22.2386 15.3449 22.1238 15.5487 21.9147L19.1235 18.2514C20.2139 17.13 20.4422 15.0144 18.9075 13.7147C17.7827 12.7634 16.0726 12.8569 14.9392 13.872C14.8856 13.92 14.8333 13.9701 14.7824 14.0222C14.7314 13.97 14.6791 13.9199 14.6254 13.8718ZM18.1546 14.588C19.0972 15.3869 18.9961 16.7262 18.2891 17.4541C18.2888 17.4543 18.2886 17.4546 18.2884 17.4548L14.7834 21.0466L11.2757 17.452C11.2756 17.4519 11.2755 17.4517 11.2753 17.4516C10.5681 16.7252 10.4682 15.3856 11.4108 14.5876L11.4112 14.5872C12.0748 14.0248 13.202 14.0556 13.949 14.8205L14.7824 15.674L15.6158 14.8205C16.3618 14.0567 17.4896 14.0256 18.1545 14.5879" fill="#EB0203"></path>
                        </svg>
                        </button>
                        </div>
                        </div>
                        <p class="ct-tile--brand">Continente</p>
                        <p class="ct-tile--quantity">emb. 200 gr</p>
                        </div>
                        <div class="ct-tile-bottom row no-gutters justify-content-between">
                        <div class="ct-price-wrap col-8 col-sm-12">
                        <div class="price js-product-price">
                        <div class="prices-wrapper">
                        <span class="sales ct-tile--price-primary ">
                        <span class="value" content="2.99">
                        <span class="ct-price-formatted">
                        €2,99
                        </span>
                        <span class="ct-m-unit">
                        /un
                        </span>
                        </span>
                        </span>
                        </div>
                        <div class="ct-tile--price-secondary">
                        <span class="ct-price-value">
                        €14,95
                        </span>
                        <span class="ct-m-unit">
                        /kg
                        </span>
                        </div>
                        </div>
                        </div>
                        <div class="ct-tile-buy-section d-flex justify-content-center no-gutters col-auto col-sm-12">
                        <div class="col-2 d-sm-flex d-none">
                        <button class="wishlist-toggler guest-mode inactive button button--tertiary" data-pid="6998175" data-add-url="https://www.continente.pt/on/demandware.store/Sites-continente-Site/default/Wishlist-AddProduct?pid=6998175" data-toggle="tooltip" aria-label="Adicionar aos favoritos " data-original-title="Adicionar aos favoritos" data-placement="top">
                        <svg class="active-content" width="100%" height="100%" viewBox="0 0 20 22" fill="none" xmlns="http://www.w3.org/2000/svg">
                        <path fill-rule="evenodd" clip-rule="evenodd" d="M0 1.53052C0 0.685236 0.692171 0 1.54601 0H15.0736C15.9274 0 16.6196 0.685235 16.6196 1.53052V13.4064L15.8127 13.922L14.2658 14.2658L12.7189 13.4064L10.6054 14.3818C10.4994 14.2451 10.3327 14.157 10.1452 14.157H6.76329C6.4431 14.157 6.18354 14.414 6.18354 14.731C6.18354 15.0479 6.4431 15.3049 6.76329 15.3049H10.1452C10.2478 15.3049 10.3441 15.2785 10.4277 15.2322L10.3126 16.8439L13.2345 20.2793H1.54601C0.69217 20.2793 0 19.5941 0 18.7488V1.53052ZM6.18354 5.5483C6.18354 5.23132 6.4431 4.97436 6.76329 4.97436H12.3676C12.6878 4.97436 12.9473 5.23132 12.9473 5.5483C12.9473 5.86528 12.6878 6.12224 12.3676 6.12224H6.76329C6.4431 6.12224 6.18354 5.86528 6.18354 5.5483ZM6.76329 11.0961C6.4431 11.0961 6.18354 11.3531 6.18354 11.6701C6.18354 11.987 6.4431 12.244 6.76329 12.244H12.3676C12.6878 12.244 12.9473 11.987 12.9473 11.6701C12.9473 11.3531 12.6878 11.0961 12.3676 11.0961H6.76329ZM6.18354 8.60985C6.18354 8.29287 6.4431 8.03591 6.76329 8.03591H12.3676C12.6878 8.03591 12.9473 8.29287 12.9473 8.60985C12.9473 8.92684 12.6878 9.1838 12.3676 9.1838H6.76329C6.4431 9.1838 6.18354 8.92684 6.18354 8.60985ZM3.67118 5.5483C3.67118 5.23132 3.93075 4.97436 4.25093 4.97436H4.63743C4.95762 4.97436 5.21719 5.23132 5.21719 5.5483C5.21719 5.86528 4.95762 6.12224 4.63743 6.12224H4.25093C3.93075 6.12224 3.67118 5.86528 3.67118 5.5483ZM4.25093 11.0961C3.93075 11.0961 3.67118 11.3531 3.67118 11.6701C3.67118 11.987 3.93075 12.244 4.25093 12.244H4.63743C4.95762 12.244 5.21719 11.987 5.21719 11.6701C5.21719 11.3531 4.95762 11.0961 4.63743 11.0961H4.25093ZM3.67118 8.60985C3.67118 8.29287 3.93075 8.03591 4.25093 8.03591H4.63743C4.95762 8.03591 5.21719 8.29287 5.21719 8.60985C5.21719 8.92684 4.95762 9.1838 4.63743 9.1838H4.25093C3.93075 9.1838 3.67118 8.92684 3.67118 8.60985ZM4.25093 14.157C3.93075 14.157 3.67118 14.414 3.67118 14.731C3.67118 15.0479 3.93075 15.3049 4.25093 15.3049H4.63743C4.95762 15.3049 5.21719 15.0479 5.21719 14.731C5.21719 14.414 4.95762 14.157 4.63743 14.157H4.25093Z" fill="#EB0203"></path>
                        <path fill-rule="evenodd" clip-rule="evenodd" d="M14.6252 13.6363C13.4918 12.6215 11.7817 12.5264 10.6569 13.4792C9.12421 14.7764 9.34841 16.8912 10.4409 18.0122L14.0159 21.6742C14.2197 21.8832 14.4928 22 14.7822 22C15.0737 22 15.3448 21.8852 15.5486 21.6762L19.1236 18.0142C20.214 16.8933 20.4423 14.7785 18.9075 13.4792C17.7827 12.5283 16.0724 12.6217 14.9391 13.6365C14.8855 13.6845 14.8331 13.7345 14.7822 13.7866C14.7313 13.7345 14.6789 13.6843 14.6252 13.6363ZM18.1546 14.3522C19.0973 15.1508 18.9962 16.4896 18.2891 17.2173C18.2888 17.2175 18.2886 17.2177 18.2884 17.218L14.7832 20.8084L11.2753 17.2151C11.2752 17.215 11.2751 17.2149 11.2749 17.2148C10.5677 16.4887 10.4678 15.1495 11.4104 14.3518L11.4108 14.3514C12.0745 13.7892 13.2018 13.82 13.9488 14.5846L14.7822 15.4378L15.6157 14.5846C16.3617 13.8211 17.4896 13.79 18.1545 14.3521" fill="#EB0203"></path>
                        </svg>
                        <svg class="inactive-content" width="100%" height="100%" viewBox="0 0 20 23" fill="none" xmlns="http://www.w3.org/2000/svg">
                        <path fill-rule="evenodd" clip-rule="evenodd" d="M6.18408 5.77914C6.18408 5.46223 6.44363 5.20532 6.7638 5.20532H12.3678C12.6879 5.20532 12.9475 5.46223 12.9475 5.77914C12.9475 6.09606 12.6879 6.35297 12.3678 6.35297H6.7638C6.44363 6.35297 6.18408 6.09606 6.18408 5.77914Z" fill="#EB0203"></path>
                        <path fill-rule="evenodd" clip-rule="evenodd" d="M6.18408 11.9034C6.18408 11.5865 6.44363 11.3296 6.7638 11.3296H12.3678C12.6879 11.3296 12.9475 11.5865 12.9475 11.9034C12.9475 12.2202 12.6879 12.4771 12.3678 12.4771H6.7638C6.44363 12.4771 6.18408 12.2202 6.18408 11.9034Z" fill="#EB0203"></path>
                        <path fill-rule="evenodd" clip-rule="evenodd" d="M6.18408 8.84116C6.18408 8.52424 6.44363 8.26733 6.7638 8.26733H12.3678C12.6879 8.26733 12.9475 8.52424 12.9475 8.84116C12.9475 9.15807 12.6879 9.41498 12.3678 9.41498H6.7638C6.44363 9.41498 6.18408 9.15807 6.18408 8.84116Z" fill="#EB0203"></path>
                        <path fill-rule="evenodd" clip-rule="evenodd" d="M6.18408 14.9655C6.18408 14.6486 6.44363 14.3917 6.7638 14.3917H10.1455C10.4657 14.3917 10.7252 14.6486 10.7252 14.9655C10.7252 15.2825 10.4657 15.5394 10.1455 15.5394H6.7638C6.44363 15.5394 6.18408 15.2825 6.18408 14.9655Z" fill="#EB0203"></path>
                        <path fill-rule="evenodd" clip-rule="evenodd" d="M3.67139 5.77914C3.67139 5.46223 3.93094 5.20532 4.25111 5.20532H4.63759C4.95776 5.20532 5.21731 5.46223 5.21731 5.77914C5.21731 6.09606 4.95776 6.35297 4.63759 6.35297H4.25111C3.93094 6.35297 3.67139 6.09606 3.67139 5.77914Z" fill="#EB0203"></path>
                        <path fill-rule="evenodd" clip-rule="evenodd" d="M3.67139 11.9034C3.67139 11.5865 3.93094 11.3296 4.25111 11.3296H4.63759C4.95776 11.3296 5.21731 11.5865 5.21731 11.9034C5.21731 12.2202 4.95776 12.4771 4.63759 12.4771H4.25111C3.93094 12.4771 3.67139 12.2202 3.67139 11.9034Z" fill="#EB0203"></path>
                        <path fill-rule="evenodd" clip-rule="evenodd" d="M3.67139 8.84116C3.67139 8.52424 3.93094 8.26733 4.25111 8.26733H4.63759C4.95776 8.26733 5.21731 8.52424 5.21731 8.84116C5.21731 9.15807 4.95776 9.41498 4.63759 9.41498H4.25111C3.93094 9.41498 3.67139 9.15807 3.67139 8.84116Z" fill="#EB0203"></path>
                        <path fill-rule="evenodd" clip-rule="evenodd" d="M3.67139 14.9655C3.67139 14.6486 3.93094 14.3917 4.25111 14.3917H4.63759C4.95776 14.3917 5.21731 14.6486 5.21731 14.9655C5.21731 15.2825 4.95776 15.5394 4.63759 15.5394H4.25111C3.93094 15.5394 3.67139 15.2825 3.67139 14.9655Z" fill="#EB0203"></path>
                        <path fill-rule="evenodd" clip-rule="evenodd" d="M0 1.76033C0 0.914738 0.692131 0.229248 1.54592 0.229248H15.0727C15.9265 0.229248 16.6186 0.914738 16.6186 1.76033V11.2818C16.6186 11.5989 16.3591 11.8559 16.0389 11.8559C15.7187 11.8559 15.4592 11.5989 15.4592 11.2818V1.76033C15.4592 1.54893 15.2862 1.37756 15.0727 1.37756H1.54592C1.33247 1.37756 1.15944 1.54893 1.15944 1.76033V18.985C1.15944 19.1964 1.33247 19.3678 1.54592 19.3678H9.27551C9.59568 19.3678 9.85523 19.6249 9.85523 19.942C9.85523 20.2591 9.59568 20.5161 9.27551 20.5161H1.54592C0.692131 20.5161 0 19.8306 0 18.985V1.76033Z" fill="#EB0203"></path>
                        <path fill-rule="evenodd" clip-rule="evenodd" d="M14.6254 13.8718C13.4921 12.8567 11.7821 12.7615 10.6574 13.7147C9.12472 15.0124 9.34891 17.128 10.4413 18.2493L14.0161 21.9126C14.2199 22.1217 14.493 22.2386 14.7824 22.2386C15.0739 22.2386 15.3449 22.1238 15.5487 21.9147L19.1235 18.2514C20.2139 17.13 20.4422 15.0144 18.9075 13.7147C17.7827 12.7634 16.0726 12.8569 14.9392 13.872C14.8856 13.92 14.8333 13.9701 14.7824 14.0222C14.7314 13.97 14.6791 13.9199 14.6254 13.8718ZM18.1546 14.588C19.0972 15.3869 18.9961 16.7262 18.2891 17.4541C18.2888 17.4543 18.2886 17.4546 18.2884 17.4548L14.7834 21.0466L11.2757 17.452C11.2756 17.4519 11.2755 17.4517 11.2753 17.4516C10.5681 16.7252 10.4682 15.3856 11.4108 14.5876L11.4112 14.5872C12.0748 14.0248 13.202 14.0556 13.949 14.8205L14.7824 15.674L15.6158 14.8205C16.3618 14.0567 17.4896 14.0256 18.1545 14.5879" fill="#EB0203"></path>
                        </svg>
                        </button>
                        </div>
                        <div class="col-sm-10 col-12">
                        <div class="ct-tile-quantity d-none" data-pid="6998175">
                        <input type="hidden" class="add-to-cart-url" value="https://www.continente.pt/on/demandware.store/Sites-continente-Site/default/Cart-AddProduct">
                        <div class="d-none tile-delete-confirmation-btn" data-pid="6998175" data-delay-time="3000" data-in-cart-msg="no carrinho" data-one-product-added="Adicionado ao carrinho" data-remove-from-cart-msg="Removido do carrinho" data-stay-open="6000.0" data-confirmation-image="{&quot;url&quot;:&quot;https://www.continente.pt/dw/image/v2/BDVS_PRD/on/demandware.static/-/Sites-col-master-catalog/default/dwe48e1baf/images/col/699/6998175-frente.jpg?sw=87&amp;sh=80&quot;,&quot;fallbackimage&quot;:{&quot;url&quot;:&quot;https://www.continente.pt/dw/image/v2/BDVS_PRD/on/demandware.static/Sites-continente-Site/-/default/dw7c42b4da/images/noimagelarge_product.png?sw=87&amp;sh=80&quot;,&quot;title&quot;:&quot;Miolo de Caju Cru&quot;,&quot;alt&quot;:&quot;Miolo de Caju Cru&quot;},&quot;title&quot;:&quot;Miolo de Caju Cru&quot;,&quot;alt&quot;:&quot;Miolo de Caju Cru&quot;}"></div>
                        <div class="ct-tile-quantity-update quantity-update product-qty-vue" data-remove-action="https://www.continente.pt/on/demandware.store/Sites-continente-Site/default/Cart-RemoveProductLineItem" data-action="https://www.continente.pt/on/demandware.store/Sites-continente-Site/default/Cart-UpdateQuantity" data-dimension-update="https://www.continente.pt/on/demandware.store/Sites-continente-Site/default/Cart-DimensionUpdate" data-pid="6998175" data-uuid="315b43e63208be5f7721054b65" data-add-delay="500.0" data-measure-options="{&quot;hasConversionRate&quot;:false,&quot;hasAlternativeSaleUnit&quot;:false,&quot;unitConversionRate&quot;:0,&quot;minOrderQuantity&quot;:1,&quot;stepQuantity&quot;:1,&quot;primaryunit&quot;:&quot;un&quot;,&quot;secondaryunit&quot;:&quot;kg&quot;,&quot;selectedunit&quot;:&quot;primary&quot;,&quot;maxNumberOfUnitsPerSale&quot;:50}" data-price-available="null" :data-has-error="isMaxQtyReached || isMinQtyReached || qtySelectedMoreThanOne">
                        <template v-show="prodUnits">
                        <div class="quantity-input-wrapper has-units">
                        <label class="visually-hidden" :for="'quantity-' + pid + additionalTag">
                        Quantidade no carrinho
                        </label>
                        <input :ref="'quantityInput-' + pid + additionalTag" class="add-to-cart-quantity form-control ct-form-input text-center" inputmode="numeric" :class="{'is-invalid': isInvalid}" :data-pid="pid + additionalTag" :name="'quantity-' + pid + additionalTag" type="text" aria-label="Insira a quantidade" title="" v-model="displayValue" @change="updateQuantity" @focus="updateQtyFormat" @blur="restoreQtyFormat" :disabled="!isPriceAvailable">
                        <span class="quantity-icon quantity-icon--minus">
                        <button class="decrease-quantity-btn" @click="updateQuantity" :disabled="!isPriceAvailable" role="button" aria-label="Reduzir quantidade">
                        <i class="css-math-minus"></i>
                        </button>
                        </span>
                        <span class="quantity-icon quantity-icon--plus">
                        <button class="increase-quantity-btn" @click="updateQuantity" :disabled="isMaxQtyReached || !isPriceAvailable" role="button" aria-label="Aumentar quantidade">
                        <i class="css-math-plus"></i>
                        </button>
                        <span class="quantity-btn-disabled-placeholder"></span>
                        </span>
                        <template v-if="isPDP">
                        <span class="quantity-error ct-span-error text-sm-center product-max-allocation" v-if="isMaxQtyReached">
                        Quantidade máxima atingida
                        </span>
                        <span class="quantity-error ct-span-product text-sm-center product-allocation" v-if="!isMinQtyReached &amp;&amp; !isMaxQtyReached">
                        {{quantitySelected}} no carrinho
                        </span>
                        <span class="quantity-error ct-span-error text-sm-center product-min-allocation" :data-pid="pid" v-if="isMinQtyReached &amp;&amp; !isMaxQtyReached">
                        Quantidade mínima atingida
                        </span>
                        </template>
                        </div>
                        <template v-if="showNotes">
                        <div class="add-note-link-container ">
                        <div class="add-note">
                        <a href="/produto/miolo-de-caju-cru-continente-6998175.html?showNote=true" class="ct-add-note-redirect-pdp" aria-label="Adicionar comentário">
                        <span class="svg-wrapper svg-icon-notes" style="width:19px; height:20px">
                        <svg class="svg-inline icon-notes" viewBox="0 0 28 30" xmlns="http://www.w3.org/2000/svg" width="100%" height="100%"><path d="M21.738 0C22.985 0 24 1.04 24 2.319V12.47c0 .469-.37.848-.828.848-.457 0-.827-.38-.827-.848V2.32c0-.343-.273-.622-.607-.622H2.262c-.334 0-.607.279-.607.622V27.68c0 .343.273.622.607.622h7.81c.457 0 .827.38.827.849 0 .468-.37.848-.827.848h-7.81C1.015 30 0 28.96 0 27.681V2.32C0 1.04 1.015 0 2.262 0h19.476zm2.844 16.004l.227.007c.823.053 1.589.39 2.176.964.64.627.993 1.46.993 2.349 0 .888-.353 1.722-.993 2.348l-6.83 6.665c-.11.108-.247.186-.397.226l-5.032 1.363c-.078.021-.16.032-.241.032-.242 0-.478-.097-.647-.266-.23-.231-.314-.566-.218-.874l1.49-4.798c.044-.139.122-.266.227-.369l6.844-6.677c.64-.625 1.493-.97 2.401-.97zm-2.886 3.94l-4.922 4.802-.947 3.048 3.22-.872 4.897-4.78-2.248-2.197zm2.887-2.174c-.425 0-.824.162-1.124.455l-.484.472 2.248 2.197.484-.472c.62-.606.62-1.591 0-2.197l-.117-.104c-.283-.227-.636-.35-1.007-.35zm-10.839.022c.498 0 .904.396.904.883 0 .488-.406.884-.904.884H5.946c-.499 0-.904-.396-.904-.884 0-.487.405-.883.904-.883zm5.042-4.876c.498 0 .904.397.904.884s-.406.884-.904.884H5.946c-.499 0-.904-.397-.904-.884s.405-.884.904-.884zm0-4.875c.498 0 .904.396.904.884 0 .487-.406.883-.904.883H5.946c-.499 0-.904-.396-.904-.883 0-.488.405-.884.904-.884z" fill="#EB0203" fill-rule="evenodd"></path></svg>
                        </span>
                        <div class="available-note d-none"></div>
                        </a>
                        </div>
                        </div>
                        </template>
                        <div class="measurement-unit-section" v-if="isPriceAvailable &amp;&amp; prodUnits ? prodUnits.hasAlternativeUnit : false">
                        <div class="ct-form-radio" @click="setDimension">
                        <input type="radio" title="" class="ct-form-check-input product-measurement-unit" :data-type="prodUnits.selectedUnit == prodUnits.secondaryUnit ? 'primary' : ''" :id="prodUnits.secondaryUnit + '-' + pid + '-measurement-unit-ptile' + additionalTag" :name="'measurement-unit-' + pid + '-ptile' + additionalTag" :value="prodUnits.secondaryUnit" v-model="prodUnits.selectedUnit">
                        <label :class="prodUnits.secondaryUnit + '-label ct-form-check-label mb-0'" :for="prodUnits.secondaryUnit + '-' + pid + '-measurement-unit-ptile' + additionalTag">
                        {{prodUnits.secondaryUnit}}
                        </label>
                        <span class="checkmark"></span>
                        </div>
                        <div class="ct-form-radio" @click="setDimension">
                        <input type="radio" title="" class="ct-form-check-input product-measurement-unit" :data-type="prodUnits.selectedUnit == prodUnits.primaryUnit ? 'primary' : ''" :id="prodUnits.primaryUnit + '-' + pid + '-measurement-unit-ptile' + additionalTag" :name="'measurement-unit-' + pid + '-ptile' + additionalTag" :value="prodUnits.primaryUnit" v-model="prodUnits.selectedUnit">
                        <label :class="prodUnits.primaryUnit + '-label ct-form-check-label mb-0'" :for="prodUnits.primaryUnit + '-' + pid + '-measurement-unit-ptile' + additionalTag">
                        {{prodUnits.primaryUnit}}
                        </label>
                        <span class="checkmark"></span>
                        </div>
                        </div>
                        <template v-if="!isPDP &amp;&amp; isPriceAvailable">
                        <span class="quantity-error ct-span-error product-max-allocation" v-if="isMaxQtyReached">
                        Quantidade máxima atingida
                        </span>
                        <span class="quantity-error ct-span-product product-allocation" v-if="!isMinQtyReached &amp;&amp; !isMaxQtyReached">
                        {{quantitySelected}} no carrinho
                        </span>
                        <span class="quantity-error ct-span-error product-min-allocation" :data-pid="pid" v-if="isMinQtyReached &amp;&amp; !isMaxQtyReached">
                        Quantidade mínima atingida
                        </span>
                        </template>
                        </template>
                        </div>
                        <input class="quantity-value-mask d-none" name="quantity" type="number" min="0" value="">
                        </div>
                        <button type="button" class="add-to-cart button js-add-to-cart js-add-to-cart-tile 6998175 button--primary dynamic-layout-btn" data-toggle="modal" data-target="#chooseBonusProductModal" data-pid="6998175" data-quantity-value="null" aria-label="Carrinho">
                        <span class="d-block d-sm-none">
                        <span class="svg-wrapper svg-icon-cart" style="width:20px; height:20px">
                        <svg class="svg-inline icon-cart" xmlns="http://www.w3.org/2000/svg" viewBox="0 0 500 500" width="100%" height="100%"><path fill="#EB0203" fill-rule="evenodd" d="M 485.67317,94.386311 C 476.37798,83.847129 463.09468,78.03348 448.30404,78.03348 H 90.690813 L 87.079511,51.327997 C 83.185582,22.539551 62.962285,0 41.011841,0 H 14.727836 C 6.563151,0 0,6.5286975 0,14.580758 c 0,8.05206 6.5945535,14.580758 14.727836,14.580758 h 26.284005 c 4.710398,0 14.696435,9.855222 16.894619,26.021523 L 100.01739,368.0631 c 1.88416,13.77244 9.01256,26.70549 20.1605,36.37417 8.25889,7.15046 18.02511,11.9071 28.26237,13.89679 -4.17655,7.58572 -6.53175,16.25957 -6.53175,25.493 0,29.53459 24.27424,53.59751 54.13815,53.59751 29.8325,0 54.13814,-24.03184 54.13814,-53.59751 0,-8.79818 -2.19818,-17.09897 -5.9979,-24.43598 h 77.12488 c -3.79973,7.33701 -5.96652,15.6378 -5.96652,24.43598 0,29.53459 24.27424,53.59751 54.13817,53.59751 29.83249,0 54.13814,-24.03184 54.13814,-53.59751 0,-8.79818 -2.1982,-17.09897 -5.9979,-24.43598 h 38.56243 c 8.13328,0 14.72783,-6.5287 14.72783,-14.61183 0,-8.02098 -6.59455,-14.54967 -14.72783,-14.54967 H 159.24277 c -14.38241,0 -28.13677,-11.90711 -30.02092,-26.02153 l -3.07746,-22.88154 h 290.6314 c 14.03698,0 27.94834,-5.28513 39.06488,-14.95381 11.11652,-9.6376 18.27632,-22.57065 20.16048,-36.37417 l 21.10259,-156.78201 c 1.94694,-14.51858 -2.10398,-28.29103 -11.43057,-38.861299 z M 220.76053,443.82706 c 0,13.49265 -11.08513,24.46709 -24.68247,24.46709 -13.62874,0 -24.71387,-10.97444 -24.71387,-24.46709 0,-13.49262 11.08513,-24.43598 24.71387,-24.43598 13.59734,0 24.68247,10.94336 24.68247,24.43598 z m 173.43675,0 c 0,13.49265 -11.08512,24.46709 -24.68245,24.46709 -13.62876,0 -24.71388,-10.97444 -24.71388,-24.46709 0,-13.49262 11.08512,-24.43598 24.71388,-24.43598 13.59733,0 24.68245,10.94336 24.68245,24.43598 z m 73.7648,-314.46558 -21.13397,156.782 c -1.88416,14.11442 -15.63851,26.05261 -30.02091,26.05261 H 122.25046 L 94.616142,107.19499 H 448.33544 c 6.18632,0 11.61896,2.2695 15.23028,6.37326 3.64269,4.13484 5.21283,9.73086 4.39636,15.79323 z"></path></svg>
                        </span>
                        </span>
                        <span class="add-to-cart--text d-none d-sm-block">Carrinho</span>
                        </button>
                        </div>
                        </div>
                        </div>
                        </div>
                        
                        <div class="col-12 d-sm-none">
                        </div>
                        </div>
                        </div>
                        </div>
                        </div>
                        <div class="col-12 col-sm-3 col-lg-2 productTile" data-idx="35">
                        
                        <script type="text/javascript">//<!--
                        /* <![CDATA[ */
                        (function(){
                        try {
                            if(window.CQuotient) {
                            var cq_params = {};
                            
                            cq_params.cookieId = window.CQuotient.getCQCookieId();
                            cq_params.userId = window.CQuotient.getCQUserId();
                            cq_params.emailId = CQuotient.getCQHashedEmail();
                            cq_params.loginId = CQuotient.getCQHashedLogin();
                            cq_params.accumulate = true;
                            cq_params.products = [{
                                id: '6715842',
                                sku: ''
                            }];
                            cq_params.categoryId = 'mercearias';
                            cq_params.refinements = '[{\"name\":\"priceMin\",\"value\":\"0.01\"},{\"name\":\"priceMax\",\"value\":\"null\"},{\"name\":\"curr\",\"value\":\"EUR\"},{\"name\":\"Category\",\"value\":\"mercearias\"}]';
                            cq_params.personalized = 'false';
                            cq_params.sortingRule = 'FOOD_Mercearia';
                            cq_params.imageUUID = '__UNDEFINED__';
                            cq_params.realm = "BDVS";
                            cq_params.siteId = "continente";
                            cq_params.instanceType = "prd";
                            cq_params.queryLocale = "default";
                            cq_params.locale = window.CQuotient.locale;
                            
                            if(window.CQuotient.sendActivity)
                                window.CQuotient.sendActivity(CQuotient.clientId, 'viewCategory', cq_params);
                            else
                                window.CQuotient.activities.push({
                                    activityType: 'viewCategory',
                                    parameters: cq_params
                                });
                          }
                        } catch(err) {}
                        })();
                        /* ]]> */
                        // -->
                        </script>
                        <script type="text/javascript">//<!--
                        /* <![CDATA[ (viewCategoryProduct-active_data.js) */
                        (function(){
                        try {
                            if (dw.ac) {
                                var search_params = {};
                                search_params.persd = 'false';
                                search_params.refs = '[{\"name\":\"priceMin\",\"value\":\"0.01\"},{\"name\":\"priceMax\",\"value\":\"null\"},{\"name\":\"curr\",\"value\":\"EUR\"},{\"name\":\"Category\",\"value\":\"mercearias\"}]';
                                search_params.sort = 'FOOD_Mercearia';
                                search_params.imageUUID = '';
                                search_params.searchID = 'afeeff71-841d-471a-a4b6-1885a5ac2689';
                                search_params.locale = 'default';
                                search_params.queryLocale = 'default';
                                search_params.showProducts = 'true';
                                dw.ac.applyContext({category: "mercearias", searchData: search_params});
                                if (typeof dw.ac._scheduleDataSubmission === "function") {
                                    dw.ac._scheduleDataSubmission();
                                }
                            }
                        } catch(err) {}
                        })();
                        /* ]]> */
                        // -->
                        </script>
                        <script type="text/javascript">//<!--
                        /* <![CDATA[ (viewProduct-active_data.js) */
                        dw.ac._capture({id: "6715842", type: "searchhit"});
                        /* ]]> */
                        // -->
                        </script>
                        <div class="product" data-pid="6715842">
                        <div class="product-tile pid-6715842 ct-product-tile data-layer-pushed" data-delay-time="3000" data-variants-mapping="[]" data-in-cart-msg="no carrinho" data-one-product-added="Adicionado ao carrinho" data-remove-from-cart-msg="Removido do carrinho" data-stay-open="6000.0" data-product-tile-impression="{&quot;name&quot;:&quot;6715842&quot;,&quot;id&quot;:&quot;6715842&quot;,&quot;price&quot;:1.49,&quot;brand&quot;:&quot;Continente&quot;,&quot;category&quot;:[{&quot;category_level_1&quot;:&quot;Mercearia&quot;},{&quot;category_level_2&quot;:&quot;Bolachas, Biscoitos e Tostas&quot;},{&quot;category_level_3&quot;:&quot;Maria, Torrada e Biscoitos&quot;}],&quot;variant&quot;:&quot;&quot;}">
                        <div class="ct-inner-tile-wrap row no-gutters justify-content-center align-content-start">
                        
                        <div class="ct-image-container col-4 col-sm" data-confirmation-image="{&quot;url&quot;:&quot;https://www.continente.pt/dw/image/v2/BDVS_PRD/on/demandware.static/-/Sites-col-master-catalog/default/dweb1ced13/images/col/671/6715842-frente.jpg?sw=87&amp;sh=80&quot;,&quot;fallbackimage&quot;:{&quot;url&quot;:&quot;https://www.continente.pt/dw/image/v2/BDVS_PRD/on/demandware.static/Sites-continente-Site/-/default/dw7c42b4da/images/noimagelarge_product.png?sw=87&amp;sh=80&quot;,&quot;title&quot;:&quot;Bolachas Maria&quot;,&quot;alt&quot;:&quot;Bolachas Maria&quot;},&quot;title&quot;:&quot;Bolachas Maria&quot;,&quot;alt&quot;:&quot;Bolachas Maria&quot;}">
                        <a href="https://www.continente.pt/produto/bolachas-maria-continente-6715842.html?cgid=mercearias">
                        <picture class="intrinsic intrinsic--square">
                        <img class="ct-tile-image lazyloaded" loading="lazy" onerror="this.onerror=null;this.src='/on/demandware.static/Sites-continente-Site/-/default/dw7c42b4da/images/noimagelarge_product.png';" data-src="https://www.continente.pt/dw/image/v2/BDVS_PRD/on/demandware.static/-/Sites-col-master-catalog/default/dweb1ced13/images/col/671/6715842-frente.jpg?sw=280&amp;sh=280" alt="Bolachas Maria" title="Bolachas Maria" src="https://www.continente.pt/dw/image/v2/BDVS_PRD/on/demandware.static/-/Sites-col-master-catalog/default/dweb1ced13/images/col/671/6715842-frente.jpg?sw=280&amp;sh=280">
                        </picture>
                        </a>
                        <div class="color-swatches d-flex" style="margin-left: 5px;">
                        <div class="swatches d-flex">
                        </div>
                        </div>
                        </div>
                        <div class="ct-tile-body col col-sm-auto ">
                        <div class="ct-pdp-details">
                        <div class="ct-pdp-link">
                        <a class="ct-tile--description" href="https://www.continente.pt/produto/bolachas-maria-continente-6715842.html?cgid=mercearias">Bolachas Maria</a>
                        <div class="ct-tile--favorite-top d-sm-none">
                        <button class="wishlist-toggler guest-mode inactive button button--tertiary" data-pid="6715842" data-add-url="https://www.continente.pt/on/demandware.store/Sites-continente-Site/default/Wishlist-AddProduct?pid=6715842" data-toggle="tooltip" aria-label="Adicionar aos favoritos " data-original-title="Adicionar aos favoritos" data-placement="top">
                        <svg class="active-content" width="100%" height="100%" viewBox="0 0 20 22" fill="none" xmlns="http://www.w3.org/2000/svg">
                        <path fill-rule="evenodd" clip-rule="evenodd" d="M0 1.53052C0 0.685236 0.692171 0 1.54601 0H15.0736C15.9274 0 16.6196 0.685235 16.6196 1.53052V13.4064L15.8127 13.922L14.2658 14.2658L12.7189 13.4064L10.6054 14.3818C10.4994 14.2451 10.3327 14.157 10.1452 14.157H6.76329C6.4431 14.157 6.18354 14.414 6.18354 14.731C6.18354 15.0479 6.4431 15.3049 6.76329 15.3049H10.1452C10.2478 15.3049 10.3441 15.2785 10.4277 15.2322L10.3126 16.8439L13.2345 20.2793H1.54601C0.69217 20.2793 0 19.5941 0 18.7488V1.53052ZM6.18354 5.5483C6.18354 5.23132 6.4431 4.97436 6.76329 4.97436H12.3676C12.6878 4.97436 12.9473 5.23132 12.9473 5.5483C12.9473 5.86528 12.6878 6.12224 12.3676 6.12224H6.76329C6.4431 6.12224 6.18354 5.86528 6.18354 5.5483ZM6.76329 11.0961C6.4431 11.0961 6.18354 11.3531 6.18354 11.6701C6.18354 11.987 6.4431 12.244 6.76329 12.244H12.3676C12.6878 12.244 12.9473 11.987 12.9473 11.6701C12.9473 11.3531 12.6878 11.0961 12.3676 11.0961H6.76329ZM6.18354 8.60985C6.18354 8.29287 6.4431 8.03591 6.76329 8.03591H12.3676C12.6878 8.03591 12.9473 8.29287 12.9473 8.60985C12.9473 8.92684 12.6878 9.1838 12.3676 9.1838H6.76329C6.4431 9.1838 6.18354 8.92684 6.18354 8.60985ZM3.67118 5.5483C3.67118 5.23132 3.93075 4.97436 4.25093 4.97436H4.63743C4.95762 4.97436 5.21719 5.23132 5.21719 5.5483C5.21719 5.86528 4.95762 6.12224 4.63743 6.12224H4.25093C3.93075 6.12224 3.67118 5.86528 3.67118 5.5483ZM4.25093 11.0961C3.93075 11.0961 3.67118 11.3531 3.67118 11.6701C3.67118 11.987 3.93075 12.244 4.25093 12.244H4.63743C4.95762 12.244 5.21719 11.987 5.21719 11.6701C5.21719 11.3531 4.95762 11.0961 4.63743 11.0961H4.25093ZM3.67118 8.60985C3.67118 8.29287 3.93075 8.03591 4.25093 8.03591H4.63743C4.95762 8.03591 5.21719 8.29287 5.21719 8.60985C5.21719 8.92684 4.95762 9.1838 4.63743 9.1838H4.25093C3.93075 9.1838 3.67118 8.92684 3.67118 8.60985ZM4.25093 14.157C3.93075 14.157 3.67118 14.414 3.67118 14.731C3.67118 15.0479 3.93075 15.3049 4.25093 15.3049H4.63743C4.95762 15.3049 5.21719 15.0479 5.21719 14.731C5.21719 14.414 4.95762 14.157 4.63743 14.157H4.25093Z" fill="#EB0203"></path>
                        <path fill-rule="evenodd" clip-rule="evenodd" d="M14.6252 13.6363C13.4918 12.6215 11.7817 12.5264 10.6569 13.4792C9.12421 14.7764 9.34841 16.8912 10.4409 18.0122L14.0159 21.6742C14.2197 21.8832 14.4928 22 14.7822 22C15.0737 22 15.3448 21.8852 15.5486 21.6762L19.1236 18.0142C20.214 16.8933 20.4423 14.7785 18.9075 13.4792C17.7827 12.5283 16.0724 12.6217 14.9391 13.6365C14.8855 13.6845 14.8331 13.7345 14.7822 13.7866C14.7313 13.7345 14.6789 13.6843 14.6252 13.6363ZM18.1546 14.3522C19.0973 15.1508 18.9962 16.4896 18.2891 17.2173C18.2888 17.2175 18.2886 17.2177 18.2884 17.218L14.7832 20.8084L11.2753 17.2151C11.2752 17.215 11.2751 17.2149 11.2749 17.2148C10.5677 16.4887 10.4678 15.1495 11.4104 14.3518L11.4108 14.3514C12.0745 13.7892 13.2018 13.82 13.9488 14.5846L14.7822 15.4378L15.6157 14.5846C16.3617 13.8211 17.4896 13.79 18.1545 14.3521" fill="#EB0203"></path>
                        </svg>
                        <svg class="inactive-content" width="100%" height="100%" viewBox="0 0 20 23" fill="none" xmlns="http://www.w3.org/2000/svg">
                        <path fill-rule="evenodd" clip-rule="evenodd" d="M6.18408 5.77914C6.18408 5.46223 6.44363 5.20532 6.7638 5.20532H12.3678C12.6879 5.20532 12.9475 5.46223 12.9475 5.77914C12.9475 6.09606 12.6879 6.35297 12.3678 6.35297H6.7638C6.44363 6.35297 6.18408 6.09606 6.18408 5.77914Z" fill="#EB0203"></path>
                        <path fill-rule="evenodd" clip-rule="evenodd" d="M6.18408 11.9034C6.18408 11.5865 6.44363 11.3296 6.7638 11.3296H12.3678C12.6879 11.3296 12.9475 11.5865 12.9475 11.9034C12.9475 12.2202 12.6879 12.4771 12.3678 12.4771H6.7638C6.44363 12.4771 6.18408 12.2202 6.18408 11.9034Z" fill="#EB0203"></path>
                        <path fill-rule="evenodd" clip-rule="evenodd" d="M6.18408 8.84116C6.18408 8.52424 6.44363 8.26733 6.7638 8.26733H12.3678C12.6879 8.26733 12.9475 8.52424 12.9475 8.84116C12.9475 9.15807 12.6879 9.41498 12.3678 9.41498H6.7638C6.44363 9.41498 6.18408 9.15807 6.18408 8.84116Z" fill="#EB0203"></path>
                        <path fill-rule="evenodd" clip-rule="evenodd" d="M6.18408 14.9655C6.18408 14.6486 6.44363 14.3917 6.7638 14.3917H10.1455C10.4657 14.3917 10.7252 14.6486 10.7252 14.9655C10.7252 15.2825 10.4657 15.5394 10.1455 15.5394H6.7638C6.44363 15.5394 6.18408 15.2825 6.18408 14.9655Z" fill="#EB0203"></path>
                        <path fill-rule="evenodd" clip-rule="evenodd" d="M3.67139 5.77914C3.67139 5.46223 3.93094 5.20532 4.25111 5.20532H4.63759C4.95776 5.20532 5.21731 5.46223 5.21731 5.77914C5.21731 6.09606 4.95776 6.35297 4.63759 6.35297H4.25111C3.93094 6.35297 3.67139 6.09606 3.67139 5.77914Z" fill="#EB0203"></path>
                        <path fill-rule="evenodd" clip-rule="evenodd" d="M3.67139 11.9034C3.67139 11.5865 3.93094 11.3296 4.25111 11.3296H4.63759C4.95776 11.3296 5.21731 11.5865 5.21731 11.9034C5.21731 12.2202 4.95776 12.4771 4.63759 12.4771H4.25111C3.93094 12.4771 3.67139 12.2202 3.67139 11.9034Z" fill="#EB0203"></path>
                        <path fill-rule="evenodd" clip-rule="evenodd" d="M3.67139 8.84116C3.67139 8.52424 3.93094 8.26733 4.25111 8.26733H4.63759C4.95776 8.26733 5.21731 8.52424 5.21731 8.84116C5.21731 9.15807 4.95776 9.41498 4.63759 9.41498H4.25111C3.93094 9.41498 3.67139 9.15807 3.67139 8.84116Z" fill="#EB0203"></path>
                        <path fill-rule="evenodd" clip-rule="evenodd" d="M3.67139 14.9655C3.67139 14.6486 3.93094 14.3917 4.25111 14.3917H4.63759C4.95776 14.3917 5.21731 14.6486 5.21731 14.9655C5.21731 15.2825 4.95776 15.5394 4.63759 15.5394H4.25111C3.93094 15.5394 3.67139 15.2825 3.67139 14.9655Z" fill="#EB0203"></path>
                        <path fill-rule="evenodd" clip-rule="evenodd" d="M0 1.76033C0 0.914738 0.692131 0.229248 1.54592 0.229248H15.0727C15.9265 0.229248 16.6186 0.914738 16.6186 1.76033V11.2818C16.6186 11.5989 16.3591 11.8559 16.0389 11.8559C15.7187 11.8559 15.4592 11.5989 15.4592 11.2818V1.76033C15.4592 1.54893 15.2862 1.37756 15.0727 1.37756H1.54592C1.33247 1.37756 1.15944 1.54893 1.15944 1.76033V18.985C1.15944 19.1964 1.33247 19.3678 1.54592 19.3678H9.27551C9.59568 19.3678 9.85523 19.6249 9.85523 19.942C9.85523 20.2591 9.59568 20.5161 9.27551 20.5161H1.54592C0.692131 20.5161 0 19.8306 0 18.985V1.76033Z" fill="#EB0203"></path>
                        <path fill-rule="evenodd" clip-rule="evenodd" d="M14.6254 13.8718C13.4921 12.8567 11.7821 12.7615 10.6574 13.7147C9.12472 15.0124 9.34891 17.128 10.4413 18.2493L14.0161 21.9126C14.2199 22.1217 14.493 22.2386 14.7824 22.2386C15.0739 22.2386 15.3449 22.1238 15.5487 21.9147L19.1235 18.2514C20.2139 17.13 20.4422 15.0144 18.9075 13.7147C17.7827 12.7634 16.0726 12.8569 14.9392 13.872C14.8856 13.92 14.8333 13.9701 14.7824 14.0222C14.7314 13.97 14.6791 13.9199 14.6254 13.8718ZM18.1546 14.588C19.0972 15.3869 18.9961 16.7262 18.2891 17.4541C18.2888 17.4543 18.2886 17.4546 18.2884 17.4548L14.7834 21.0466L11.2757 17.452C11.2756 17.4519 11.2755 17.4517 11.2753 17.4516C10.5681 16.7252 10.4682 15.3856 11.4108 14.5876L11.4112 14.5872C12.0748 14.0248 13.202 14.0556 13.949 14.8205L14.7824 15.674L15.6158 14.8205C16.3618 14.0567 17.4896 14.0256 18.1545 14.5879" fill="#EB0203"></path>
                        </svg>
                        </button>
                        </div>
                        </div>
                        <p class="ct-tile--brand">Continente</p>
                        <p class="ct-tile--quantity">emb. 800 gr (4 un)</p>
                        </div>
                        <div class="ct-tile-bottom row no-gutters justify-content-between">
                        <div class="ct-price-wrap col-8 col-sm-12">
                        <div class="price js-product-price">
                        <div class="prices-wrapper">
                        <span class="sales ct-tile--price-primary ">
                        <span class="value" content="1.49">
                        <span class="ct-price-formatted">
                        €1,49
                        </span>
                        <span class="ct-m-unit">
                        /un
                        </span>
                        </span>
                        </span>
                        </div>
                        <div class="ct-tile--price-secondary">
                        <span class="ct-price-value">
                        €1,86
                        </span>
                        <span class="ct-m-unit">
                        /kg
                        </span>
                        </div>
                        </div>
                        </div>
                        <div class="ct-tile-buy-section d-flex justify-content-center no-gutters col-auto col-sm-12">
                        <div class="col-2 d-sm-flex d-none">
                        <button class="wishlist-toggler guest-mode inactive button button--tertiary" data-pid="6715842" data-add-url="https://www.continente.pt/on/demandware.store/Sites-continente-Site/default/Wishlist-AddProduct?pid=6715842" data-toggle="tooltip" aria-label="Adicionar aos favoritos " data-original-title="Adicionar aos favoritos" data-placement="top">
                        <svg class="active-content" width="100%" height="100%" viewBox="0 0 20 22" fill="none" xmlns="http://www.w3.org/2000/svg">
                        <path fill-rule="evenodd" clip-rule="evenodd" d="M0 1.53052C0 0.685236 0.692171 0 1.54601 0H15.0736C15.9274 0 16.6196 0.685235 16.6196 1.53052V13.4064L15.8127 13.922L14.2658 14.2658L12.7189 13.4064L10.6054 14.3818C10.4994 14.2451 10.3327 14.157 10.1452 14.157H6.76329C6.4431 14.157 6.18354 14.414 6.18354 14.731C6.18354 15.0479 6.4431 15.3049 6.76329 15.3049H10.1452C10.2478 15.3049 10.3441 15.2785 10.4277 15.2322L10.3126 16.8439L13.2345 20.2793H1.54601C0.69217 20.2793 0 19.5941 0 18.7488V1.53052ZM6.18354 5.5483C6.18354 5.23132 6.4431 4.97436 6.76329 4.97436H12.3676C12.6878 4.97436 12.9473 5.23132 12.9473 5.5483C12.9473 5.86528 12.6878 6.12224 12.3676 6.12224H6.76329C6.4431 6.12224 6.18354 5.86528 6.18354 5.5483ZM6.76329 11.0961C6.4431 11.0961 6.18354 11.3531 6.18354 11.6701C6.18354 11.987 6.4431 12.244 6.76329 12.244H12.3676C12.6878 12.244 12.9473 11.987 12.9473 11.6701C12.9473 11.3531 12.6878 11.0961 12.3676 11.0961H6.76329ZM6.18354 8.60985C6.18354 8.29287 6.4431 8.03591 6.76329 8.03591H12.3676C12.6878 8.03591 12.9473 8.29287 12.9473 8.60985C12.9473 8.92684 12.6878 9.1838 12.3676 9.1838H6.76329C6.4431 9.1838 6.18354 8.92684 6.18354 8.60985ZM3.67118 5.5483C3.67118 5.23132 3.93075 4.97436 4.25093 4.97436H4.63743C4.95762 4.97436 5.21719 5.23132 5.21719 5.5483C5.21719 5.86528 4.95762 6.12224 4.63743 6.12224H4.25093C3.93075 6.12224 3.67118 5.86528 3.67118 5.5483ZM4.25093 11.0961C3.93075 11.0961 3.67118 11.3531 3.67118 11.6701C3.67118 11.987 3.93075 12.244 4.25093 12.244H4.63743C4.95762 12.244 5.21719 11.987 5.21719 11.6701C5.21719 11.3531 4.95762 11.0961 4.63743 11.0961H4.25093ZM3.67118 8.60985C3.67118 8.29287 3.93075 8.03591 4.25093 8.03591H4.63743C4.95762 8.03591 5.21719 8.29287 5.21719 8.60985C5.21719 8.92684 4.95762 9.1838 4.63743 9.1838H4.25093C3.93075 9.1838 3.67118 8.92684 3.67118 8.60985ZM4.25093 14.157C3.93075 14.157 3.67118 14.414 3.67118 14.731C3.67118 15.0479 3.93075 15.3049 4.25093 15.3049H4.63743C4.95762 15.3049 5.21719 15.0479 5.21719 14.731C5.21719 14.414 4.95762 14.157 4.63743 14.157H4.25093Z" fill="#EB0203"></path>
                        <path fill-rule="evenodd" clip-rule="evenodd" d="M14.6252 13.6363C13.4918 12.6215 11.7817 12.5264 10.6569 13.4792C9.12421 14.7764 9.34841 16.8912 10.4409 18.0122L14.0159 21.6742C14.2197 21.8832 14.4928 22 14.7822 22C15.0737 22 15.3448 21.8852 15.5486 21.6762L19.1236 18.0142C20.214 16.8933 20.4423 14.7785 18.9075 13.4792C17.7827 12.5283 16.0724 12.6217 14.9391 13.6365C14.8855 13.6845 14.8331 13.7345 14.7822 13.7866C14.7313 13.7345 14.6789 13.6843 14.6252 13.6363ZM18.1546 14.3522C19.0973 15.1508 18.9962 16.4896 18.2891 17.2173C18.2888 17.2175 18.2886 17.2177 18.2884 17.218L14.7832 20.8084L11.2753 17.2151C11.2752 17.215 11.2751 17.2149 11.2749 17.2148C10.5677 16.4887 10.4678 15.1495 11.4104 14.3518L11.4108 14.3514C12.0745 13.7892 13.2018 13.82 13.9488 14.5846L14.7822 15.4378L15.6157 14.5846C16.3617 13.8211 17.4896 13.79 18.1545 14.3521" fill="#EB0203"></path>
                        </svg>
                        <svg class="inactive-content" width="100%" height="100%" viewBox="0 0 20 23" fill="none" xmlns="http://www.w3.org/2000/svg">
                        <path fill-rule="evenodd" clip-rule="evenodd" d="M6.18408 5.77914C6.18408 5.46223 6.44363 5.20532 6.7638 5.20532H12.3678C12.6879 5.20532 12.9475 5.46223 12.9475 5.77914C12.9475 6.09606 12.6879 6.35297 12.3678 6.35297H6.7638C6.44363 6.35297 6.18408 6.09606 6.18408 5.77914Z" fill="#EB0203"></path>
                        <path fill-rule="evenodd" clip-rule="evenodd" d="M6.18408 11.9034C6.18408 11.5865 6.44363 11.3296 6.7638 11.3296H12.3678C12.6879 11.3296 12.9475 11.5865 12.9475 11.9034C12.9475 12.2202 12.6879 12.4771 12.3678 12.4771H6.7638C6.44363 12.4771 6.18408 12.2202 6.18408 11.9034Z" fill="#EB0203"></path>
                        <path fill-rule="evenodd" clip-rule="evenodd" d="M6.18408 8.84116C6.18408 8.52424 6.44363 8.26733 6.7638 8.26733H12.3678C12.6879 8.26733 12.9475 8.52424 12.9475 8.84116C12.9475 9.15807 12.6879 9.41498 12.3678 9.41498H6.7638C6.44363 9.41498 6.18408 9.15807 6.18408 8.84116Z" fill="#EB0203"></path>
                        <path fill-rule="evenodd" clip-rule="evenodd" d="M6.18408 14.9655C6.18408 14.6486 6.44363 14.3917 6.7638 14.3917H10.1455C10.4657 14.3917 10.7252 14.6486 10.7252 14.9655C10.7252 15.2825 10.4657 15.5394 10.1455 15.5394H6.7638C6.44363 15.5394 6.18408 15.2825 6.18408 14.9655Z" fill="#EB0203"></path>
                        <path fill-rule="evenodd" clip-rule="evenodd" d="M3.67139 5.77914C3.67139 5.46223 3.93094 5.20532 4.25111 5.20532H4.63759C4.95776 5.20532 5.21731 5.46223 5.21731 5.77914C5.21731 6.09606 4.95776 6.35297 4.63759 6.35297H4.25111C3.93094 6.35297 3.67139 6.09606 3.67139 5.77914Z" fill="#EB0203"></path>
                        <path fill-rule="evenodd" clip-rule="evenodd" d="M3.67139 11.9034C3.67139 11.5865 3.93094 11.3296 4.25111 11.3296H4.63759C4.95776 11.3296 5.21731 11.5865 5.21731 11.9034C5.21731 12.2202 4.95776 12.4771 4.63759 12.4771H4.25111C3.93094 12.4771 3.67139 12.2202 3.67139 11.9034Z" fill="#EB0203"></path>
                        <path fill-rule="evenodd" clip-rule="evenodd" d="M3.67139 8.84116C3.67139 8.52424 3.93094 8.26733 4.25111 8.26733H4.63759C4.95776 8.26733 5.21731 8.52424 5.21731 8.84116C5.21731 9.15807 4.95776 9.41498 4.63759 9.41498H4.25111C3.93094 9.41498 3.67139 9.15807 3.67139 8.84116Z" fill="#EB0203"></path>
                        <path fill-rule="evenodd" clip-rule="evenodd" d="M3.67139 14.9655C3.67139 14.6486 3.93094 14.3917 4.25111 14.3917H4.63759C4.95776 14.3917 5.21731 14.6486 5.21731 14.9655C5.21731 15.2825 4.95776 15.5394 4.63759 15.5394H4.25111C3.93094 15.5394 3.67139 15.2825 3.67139 14.9655Z" fill="#EB0203"></path>
                        <path fill-rule="evenodd" clip-rule="evenodd" d="M0 1.76033C0 0.914738 0.692131 0.229248 1.54592 0.229248H15.0727C15.9265 0.229248 16.6186 0.914738 16.6186 1.76033V11.2818C16.6186 11.5989 16.3591 11.8559 16.0389 11.8559C15.7187 11.8559 15.4592 11.5989 15.4592 11.2818V1.76033C15.4592 1.54893 15.2862 1.37756 15.0727 1.37756H1.54592C1.33247 1.37756 1.15944 1.54893 1.15944 1.76033V18.985C1.15944 19.1964 1.33247 19.3678 1.54592 19.3678H9.27551C9.59568 19.3678 9.85523 19.6249 9.85523 19.942C9.85523 20.2591 9.59568 20.5161 9.27551 20.5161H1.54592C0.692131 20.5161 0 19.8306 0 18.985V1.76033Z" fill="#EB0203"></path>
                        <path fill-rule="evenodd" clip-rule="evenodd" d="M14.6254 13.8718C13.4921 12.8567 11.7821 12.7615 10.6574 13.7147C9.12472 15.0124 9.34891 17.128 10.4413 18.2493L14.0161 21.9126C14.2199 22.1217 14.493 22.2386 14.7824 22.2386C15.0739 22.2386 15.3449 22.1238 15.5487 21.9147L19.1235 18.2514C20.2139 17.13 20.4422 15.0144 18.9075 13.7147C17.7827 12.7634 16.0726 12.8569 14.9392 13.872C14.8856 13.92 14.8333 13.9701 14.7824 14.0222C14.7314 13.97 14.6791 13.9199 14.6254 13.8718ZM18.1546 14.588C19.0972 15.3869 18.9961 16.7262 18.2891 17.4541C18.2888 17.4543 18.2886 17.4546 18.2884 17.4548L14.7834 21.0466L11.2757 17.452C11.2756 17.4519 11.2755 17.4517 11.2753 17.4516C10.5681 16.7252 10.4682 15.3856 11.4108 14.5876L11.4112 14.5872C12.0748 14.0248 13.202 14.0556 13.949 14.8205L14.7824 15.674L15.6158 14.8205C16.3618 14.0567 17.4896 14.0256 18.1545 14.5879" fill="#EB0203"></path>
                        </svg>
                        </button>
                        </div>
                        <div class="col-sm-10 col-12">
                        <div class="ct-tile-quantity d-none" data-pid="6715842">
                        <input type="hidden" class="add-to-cart-url" value="https://www.continente.pt/on/demandware.store/Sites-continente-Site/default/Cart-AddProduct">
                        <div class="d-none tile-delete-confirmation-btn" data-pid="6715842" data-delay-time="3000" data-in-cart-msg="no carrinho" data-one-product-added="Adicionado ao carrinho" data-remove-from-cart-msg="Removido do carrinho" data-stay-open="6000.0" data-confirmation-image="{&quot;url&quot;:&quot;https://www.continente.pt/dw/image/v2/BDVS_PRD/on/demandware.static/-/Sites-col-master-catalog/default/dweb1ced13/images/col/671/6715842-frente.jpg?sw=87&amp;sh=80&quot;,&quot;fallbackimage&quot;:{&quot;url&quot;:&quot;https://www.continente.pt/dw/image/v2/BDVS_PRD/on/demandware.static/Sites-continente-Site/-/default/dw7c42b4da/images/noimagelarge_product.png?sw=87&amp;sh=80&quot;,&quot;title&quot;:&quot;Bolachas Maria&quot;,&quot;alt&quot;:&quot;Bolachas Maria&quot;},&quot;title&quot;:&quot;Bolachas Maria&quot;,&quot;alt&quot;:&quot;Bolachas Maria&quot;}"></div>
                        <div class="ct-tile-quantity-update quantity-update product-qty-vue" data-remove-action="https://www.continente.pt/on/demandware.store/Sites-continente-Site/default/Cart-RemoveProductLineItem" data-action="https://www.continente.pt/on/demandware.store/Sites-continente-Site/default/Cart-UpdateQuantity" data-dimension-update="https://www.continente.pt/on/demandware.store/Sites-continente-Site/default/Cart-DimensionUpdate" data-pid="6715842" data-uuid="706ff910f3acac745a403064bc" data-add-delay="500.0" data-measure-options="{&quot;hasConversionRate&quot;:false,&quot;hasAlternativeSaleUnit&quot;:false,&quot;unitConversionRate&quot;:0,&quot;minOrderQuantity&quot;:1,&quot;stepQuantity&quot;:1,&quot;primaryunit&quot;:&quot;un&quot;,&quot;secondaryunit&quot;:&quot;kg&quot;,&quot;selectedunit&quot;:&quot;primary&quot;,&quot;maxNumberOfUnitsPerSale&quot;:50}" data-price-available="null" :data-has-error="isMaxQtyReached || isMinQtyReached || qtySelectedMoreThanOne">
                        <template v-show="prodUnits">
                        <div class="quantity-input-wrapper has-units">
                        <label class="visually-hidden" :for="'quantity-' + pid + additionalTag">
                        Quantidade no carrinho
                        </label>
                        <input :ref="'quantityInput-' + pid + additionalTag" class="add-to-cart-quantity form-control ct-form-input text-center" inputmode="numeric" :class="{'is-invalid': isInvalid}" :data-pid="pid + additionalTag" :name="'quantity-' + pid + additionalTag" type="text" aria-label="Insira a quantidade" title="" v-model="displayValue" @change="updateQuantity" @focus="updateQtyFormat" @blur="restoreQtyFormat" :disabled="!isPriceAvailable">
                        <span class="quantity-icon quantity-icon--minus">
                        <button class="decrease-quantity-btn" @click="updateQuantity" :disabled="!isPriceAvailable" role="button" aria-label="Reduzir quantidade">
                        <i class="css-math-minus"></i>
                        </button>
                        </span>
                        <span class="quantity-icon quantity-icon--plus">
                        <button class="increase-quantity-btn" @click="updateQuantity" :disabled="isMaxQtyReached || !isPriceAvailable" role="button" aria-label="Aumentar quantidade">
                        <i class="css-math-plus"></i>
                        </button>
                        <span class="quantity-btn-disabled-placeholder"></span>
                        </span>
                        <template v-if="isPDP">
                        <span class="quantity-error ct-span-error text-sm-center product-max-allocation" v-if="isMaxQtyReached">
                        Quantidade máxima atingida
                        </span>
                        <span class="quantity-error ct-span-product text-sm-center product-allocation" v-if="!isMinQtyReached &amp;&amp; !isMaxQtyReached">
                        {{quantitySelected}} no carrinho
                        </span>
                        <span class="quantity-error ct-span-error text-sm-center product-min-allocation" :data-pid="pid" v-if="isMinQtyReached &amp;&amp; !isMaxQtyReached">
                        Quantidade mínima atingida
                        </span>
                        </template>
                        </div>
                        <template v-if="showNotes">
                        <div class="add-note-link-container ">
                        <div class="add-note">
                        <a href="/produto/bolachas-maria-continente-6715842.html?showNote=true" class="ct-add-note-redirect-pdp" aria-label="Adicionar comentário">
                        <span class="svg-wrapper svg-icon-notes" style="width:19px; height:20px">
                        <svg class="svg-inline icon-notes" viewBox="0 0 28 30" xmlns="http://www.w3.org/2000/svg" width="100%" height="100%"><path d="M21.738 0C22.985 0 24 1.04 24 2.319V12.47c0 .469-.37.848-.828.848-.457 0-.827-.38-.827-.848V2.32c0-.343-.273-.622-.607-.622H2.262c-.334 0-.607.279-.607.622V27.68c0 .343.273.622.607.622h7.81c.457 0 .827.38.827.849 0 .468-.37.848-.827.848h-7.81C1.015 30 0 28.96 0 27.681V2.32C0 1.04 1.015 0 2.262 0h19.476zm2.844 16.004l.227.007c.823.053 1.589.39 2.176.964.64.627.993 1.46.993 2.349 0 .888-.353 1.722-.993 2.348l-6.83 6.665c-.11.108-.247.186-.397.226l-5.032 1.363c-.078.021-.16.032-.241.032-.242 0-.478-.097-.647-.266-.23-.231-.314-.566-.218-.874l1.49-4.798c.044-.139.122-.266.227-.369l6.844-6.677c.64-.625 1.493-.97 2.401-.97zm-2.886 3.94l-4.922 4.802-.947 3.048 3.22-.872 4.897-4.78-2.248-2.197zm2.887-2.174c-.425 0-.824.162-1.124.455l-.484.472 2.248 2.197.484-.472c.62-.606.62-1.591 0-2.197l-.117-.104c-.283-.227-.636-.35-1.007-.35zm-10.839.022c.498 0 .904.396.904.883 0 .488-.406.884-.904.884H5.946c-.499 0-.904-.396-.904-.884 0-.487.405-.883.904-.883zm5.042-4.876c.498 0 .904.397.904.884s-.406.884-.904.884H5.946c-.499 0-.904-.397-.904-.884s.405-.884.904-.884zm0-4.875c.498 0 .904.396.904.884 0 .487-.406.883-.904.883H5.946c-.499 0-.904-.396-.904-.883 0-.488.405-.884.904-.884z" fill="#EB0203" fill-rule="evenodd"></path></svg>
                        </span>
                        <div class="available-note d-none"></div>
                        </a>
                        </div>
                        </div>
                        </template>
                        <div class="measurement-unit-section" v-if="isPriceAvailable &amp;&amp; prodUnits ? prodUnits.hasAlternativeUnit : false">
                        <div class="ct-form-radio" @click="setDimension">
                        <input type="radio" title="" class="ct-form-check-input product-measurement-unit" :data-type="prodUnits.selectedUnit == prodUnits.secondaryUnit ? 'primary' : ''" :id="prodUnits.secondaryUnit + '-' + pid + '-measurement-unit-ptile' + additionalTag" :name="'measurement-unit-' + pid + '-ptile' + additionalTag" :value="prodUnits.secondaryUnit" v-model="prodUnits.selectedUnit">
                        <label :class="prodUnits.secondaryUnit + '-label ct-form-check-label mb-0'" :for="prodUnits.secondaryUnit + '-' + pid + '-measurement-unit-ptile' + additionalTag">
                        {{prodUnits.secondaryUnit}}
                        </label>
                        <span class="checkmark"></span>
                        </div>
                        <div class="ct-form-radio" @click="setDimension">
                        <input type="radio" title="" class="ct-form-check-input product-measurement-unit" :data-type="prodUnits.selectedUnit == prodUnits.primaryUnit ? 'primary' : ''" :id="prodUnits.primaryUnit + '-' + pid + '-measurement-unit-ptile' + additionalTag" :name="'measurement-unit-' + pid + '-ptile' + additionalTag" :value="prodUnits.primaryUnit" v-model="prodUnits.selectedUnit">
                        <label :class="prodUnits.primaryUnit + '-label ct-form-check-label mb-0'" :for="prodUnits.primaryUnit + '-' + pid + '-measurement-unit-ptile' + additionalTag">
                        {{prodUnits.primaryUnit}}
                        </label>
                        <span class="checkmark"></span>
                        </div>
                        </div>
                        <template v-if="!isPDP &amp;&amp; isPriceAvailable">
                        <span class="quantity-error ct-span-error product-max-allocation" v-if="isMaxQtyReached">
                        Quantidade máxima atingida
                        </span>
                        <span class="quantity-error ct-span-product product-allocation" v-if="!isMinQtyReached &amp;&amp; !isMaxQtyReached">
                        {{quantitySelected}} no carrinho
                        </span>
                        <span class="quantity-error ct-span-error product-min-allocation" :data-pid="pid" v-if="isMinQtyReached &amp;&amp; !isMaxQtyReached">
                        Quantidade mínima atingida
                        </span>
                        </template>
                        </template>
                        </div>
                        <input class="quantity-value-mask d-none" name="quantity" type="number" min="0" value="">
                        </div>
                        <button type="button" class="add-to-cart button js-add-to-cart js-add-to-cart-tile 6715842 button--primary dynamic-layout-btn" data-toggle="modal" data-target="#chooseBonusProductModal" data-pid="6715842" data-quantity-value="null" aria-label="Carrinho">
                        <span class="d-block d-sm-none">
                        <span class="svg-wrapper svg-icon-cart" style="width:20px; height:20px">
                        <svg class="svg-inline icon-cart" xmlns="http://www.w3.org/2000/svg" viewBox="0 0 500 500" width="100%" height="100%"><path fill="#EB0203" fill-rule="evenodd" d="M 485.67317,94.386311 C 476.37798,83.847129 463.09468,78.03348 448.30404,78.03348 H 90.690813 L 87.079511,51.327997 C 83.185582,22.539551 62.962285,0 41.011841,0 H 14.727836 C 6.563151,0 0,6.5286975 0,14.580758 c 0,8.05206 6.5945535,14.580758 14.727836,14.580758 h 26.284005 c 4.710398,0 14.696435,9.855222 16.894619,26.021523 L 100.01739,368.0631 c 1.88416,13.77244 9.01256,26.70549 20.1605,36.37417 8.25889,7.15046 18.02511,11.9071 28.26237,13.89679 -4.17655,7.58572 -6.53175,16.25957 -6.53175,25.493 0,29.53459 24.27424,53.59751 54.13815,53.59751 29.8325,0 54.13814,-24.03184 54.13814,-53.59751 0,-8.79818 -2.19818,-17.09897 -5.9979,-24.43598 h 77.12488 c -3.79973,7.33701 -5.96652,15.6378 -5.96652,24.43598 0,29.53459 24.27424,53.59751 54.13817,53.59751 29.83249,0 54.13814,-24.03184 54.13814,-53.59751 0,-8.79818 -2.1982,-17.09897 -5.9979,-24.43598 h 38.56243 c 8.13328,0 14.72783,-6.5287 14.72783,-14.61183 0,-8.02098 -6.59455,-14.54967 -14.72783,-14.54967 H 159.24277 c -14.38241,0 -28.13677,-11.90711 -30.02092,-26.02153 l -3.07746,-22.88154 h 290.6314 c 14.03698,0 27.94834,-5.28513 39.06488,-14.95381 11.11652,-9.6376 18.27632,-22.57065 20.16048,-36.37417 l 21.10259,-156.78201 c 1.94694,-14.51858 -2.10398,-28.29103 -11.43057,-38.861299 z M 220.76053,443.82706 c 0,13.49265 -11.08513,24.46709 -24.68247,24.46709 -13.62874,0 -24.71387,-10.97444 -24.71387,-24.46709 0,-13.49262 11.08513,-24.43598 24.71387,-24.43598 13.59734,0 24.68247,10.94336 24.68247,24.43598 z m 173.43675,0 c 0,13.49265 -11.08512,24.46709 -24.68245,24.46709 -13.62876,0 -24.71388,-10.97444 -24.71388,-24.46709 0,-13.49262 11.08512,-24.43598 24.71388,-24.43598 13.59733,0 24.68245,10.94336 24.68245,24.43598 z m 73.7648,-314.46558 -21.13397,156.782 c -1.88416,14.11442 -15.63851,26.05261 -30.02091,26.05261 H 122.25046 L 94.616142,107.19499 H 448.33544 c 6.18632,0 11.61896,2.2695 15.23028,6.37326 3.64269,4.13484 5.21283,9.73086 4.39636,15.79323 z"></path></svg>
                        </span>
                        </span>
                        <span class="add-to-cart--text d-none d-sm-block">Carrinho</span>
                        </button>
                        </div>
                        </div>
                        </div>
                        </div>
                        
                        <div class="col-12 d-sm-none">
                        </div>
                        </div>
                        </div>
                        </div>
                        </div>
                        <div class="col-12 col-sm-3 col-lg-2 productTile" data-idx="36">
                        
                        <script type="text/javascript">//<!--
                        /* <![CDATA[ */
                        (function(){
                        try {
                            if(window.CQuotient) {
                            var cq_params = {};
                            
                            cq_params.cookieId = window.CQuotient.getCQCookieId();
                            cq_params.userId = window.CQuotient.getCQUserId();
                            cq_params.emailId = CQuotient.getCQHashedEmail();
                            cq_params.loginId = CQuotient.getCQHashedLogin();
                            cq_params.accumulate = true;
                            cq_params.products = [{
                                id: '2533100',
                                sku: ''
                            }];
                            cq_params.categoryId = 'mercearias';
                            cq_params.refinements = '[{\"name\":\"priceMin\",\"value\":\"0.01\"},{\"name\":\"priceMax\",\"value\":\"null\"},{\"name\":\"curr\",\"value\":\"EUR\"},{\"name\":\"Category\",\"value\":\"mercearias\"}]';
                            cq_params.personalized = 'false';
                            cq_params.sortingRule = 'FOOD_Mercearia';
                            cq_params.imageUUID = '__UNDEFINED__';
                            cq_params.realm = "BDVS";
                            cq_params.siteId = "continente";
                            cq_params.instanceType = "prd";
                            cq_params.queryLocale = "default";
                            cq_params.locale = window.CQuotient.locale;
                            
                            if(window.CQuotient.sendActivity)
                                window.CQuotient.sendActivity(CQuotient.clientId, 'viewCategory', cq_params);
                            else
                                window.CQuotient.activities.push({
                                    activityType: 'viewCategory',
                                    parameters: cq_params
                                });
                          }
                        } catch(err) {}
                        })();
                        /* ]]> */
                        // -->
                        </script>
                        <script type="text/javascript">//<!--
                        /* <![CDATA[ (viewCategoryProduct-active_data.js) */
                        (function(){
                        try {
                            if (dw.ac) {
                                var search_params = {};
                                search_params.persd = 'false';
                                search_params.refs = '[{\"name\":\"priceMin\",\"value\":\"0.01\"},{\"name\":\"priceMax\",\"value\":\"null\"},{\"name\":\"curr\",\"value\":\"EUR\"},{\"name\":\"Category\",\"value\":\"mercearias\"}]';
                                search_params.sort = 'FOOD_Mercearia';
                                search_params.imageUUID = '';
                                search_params.searchID = 'afeeff71-841d-471a-a4b6-1885a5ac2689';
                                search_params.locale = 'default';
                                search_params.queryLocale = 'default';
                                search_params.showProducts = 'true';
                                dw.ac.applyContext({category: "mercearias", searchData: search_params});
                                if (typeof dw.ac._scheduleDataSubmission === "function") {
                                    dw.ac._scheduleDataSubmission();
                                }
                            }
                        } catch(err) {}
                        })();
                        /* ]]> */
                        // -->
                        </script>
                        <script type="text/javascript">//<!--
                        /* <![CDATA[ (viewProduct-active_data.js) */
                        dw.ac._capture({id: "2533100", type: "searchhit"});
                        /* ]]> */
                        // -->
                        </script>
                        <div class="product" data-pid="2533100">
                        <div class="product-tile pid-2533100 ct-product-tile data-layer-pushed" data-delay-time="3000" data-variants-mapping="[]" data-in-cart-msg="no carrinho" data-one-product-added="Adicionado ao carrinho" data-remove-from-cart-msg="Removido do carrinho" data-stay-open="6000.0" data-product-tile-impression="{&quot;name&quot;:&quot;2533100&quot;,&quot;id&quot;:&quot;2533100&quot;,&quot;price&quot;:1.89,&quot;brand&quot;:&quot;Bom Petisco&quot;,&quot;category&quot;:[{&quot;category_level_1&quot;:&quot;Mercearia&quot;},{&quot;category_level_2&quot;:&quot;Conservas&quot;},{&quot;category_level_3&quot;:&quot;Atum&quot;}],&quot;variant&quot;:&quot;&quot;}">
                        <div class="ct-inner-tile-wrap row no-gutters justify-content-center align-content-start">
                        
                        <div class="ct-image-container col-4 col-sm" data-confirmation-image="{&quot;url&quot;:&quot;https://www.continente.pt/dw/image/v2/BDVS_PRD/on/demandware.static/-/Sites-col-master-catalog/default/dw28c45616/images/col/253/2533100-cima.jpg?sw=87&amp;sh=80&quot;,&quot;fallbackimage&quot;:{&quot;url&quot;:&quot;https://www.continente.pt/dw/image/v2/BDVS_PRD/on/demandware.static/Sites-continente-Site/-/default/dw7c42b4da/images/noimagelarge_product.png?sw=87&amp;sh=80&quot;,&quot;title&quot;:&quot;Atum Posta ao Natural&quot;,&quot;alt&quot;:&quot;Atum Posta ao Natural&quot;},&quot;title&quot;:&quot;Atum Posta ao Natural&quot;,&quot;alt&quot;:&quot;Atum Posta ao Natural&quot;}">
                        <a href="https://www.continente.pt/produto/atum-posta-ao-natural-bom-petisco-2533100.html?cgid=mercearias">
                        <picture class="intrinsic intrinsic--square">
                        <img class="ct-tile-image lazyloaded" loading="lazy" onerror="this.onerror=null;this.src='/on/demandware.static/Sites-continente-Site/-/default/dw7c42b4da/images/noimagelarge_product.png';" data-src="https://www.continente.pt/dw/image/v2/BDVS_PRD/on/demandware.static/-/Sites-col-master-catalog/default/dw28c45616/images/col/253/2533100-cima.jpg?sw=280&amp;sh=280" alt="Atum Posta ao Natural" title="Atum Posta ao Natural" src="https://www.continente.pt/dw/image/v2/BDVS_PRD/on/demandware.static/-/Sites-col-master-catalog/default/dw28c45616/images/col/253/2533100-cima.jpg?sw=280&amp;sh=280">
                        </picture>
                        </a>
                        <div class="color-swatches d-flex" style="margin-left: 5px;">
                        <div class="swatches d-flex">
                        </div>
                        </div>
                        </div>
                        <div class="ct-tile-body col col-sm-auto ">
                        <div class="ct-pdp-details">
                        <div class="ct-pdp-link">
                        <a class="ct-tile--description" href="https://www.continente.pt/produto/atum-posta-ao-natural-bom-petisco-2533100.html?cgid=mercearias">Atum Posta ao Natural</a>
                        <div class="ct-tile--favorite-top d-sm-none">
                        <button class="wishlist-toggler guest-mode inactive button button--tertiary" data-pid="2533100" data-add-url="https://www.continente.pt/on/demandware.store/Sites-continente-Site/default/Wishlist-AddProduct?pid=2533100" data-toggle="tooltip" aria-label="Adicionar aos favoritos " data-original-title="Adicionar aos favoritos" data-placement="top">
                        <svg class="active-content" width="100%" height="100%" viewBox="0 0 20 22" fill="none" xmlns="http://www.w3.org/2000/svg">
                        <path fill-rule="evenodd" clip-rule="evenodd" d="M0 1.53052C0 0.685236 0.692171 0 1.54601 0H15.0736C15.9274 0 16.6196 0.685235 16.6196 1.53052V13.4064L15.8127 13.922L14.2658 14.2658L12.7189 13.4064L10.6054 14.3818C10.4994 14.2451 10.3327 14.157 10.1452 14.157H6.76329C6.4431 14.157 6.18354 14.414 6.18354 14.731C6.18354 15.0479 6.4431 15.3049 6.76329 15.3049H10.1452C10.2478 15.3049 10.3441 15.2785 10.4277 15.2322L10.3126 16.8439L13.2345 20.2793H1.54601C0.69217 20.2793 0 19.5941 0 18.7488V1.53052ZM6.18354 5.5483C6.18354 5.23132 6.4431 4.97436 6.76329 4.97436H12.3676C12.6878 4.97436 12.9473 5.23132 12.9473 5.5483C12.9473 5.86528 12.6878 6.12224 12.3676 6.12224H6.76329C6.4431 6.12224 6.18354 5.86528 6.18354 5.5483ZM6.76329 11.0961C6.4431 11.0961 6.18354 11.3531 6.18354 11.6701C6.18354 11.987 6.4431 12.244 6.76329 12.244H12.3676C12.6878 12.244 12.9473 11.987 12.9473 11.6701C12.9473 11.3531 12.6878 11.0961 12.3676 11.0961H6.76329ZM6.18354 8.60985C6.18354 8.29287 6.4431 8.03591 6.76329 8.03591H12.3676C12.6878 8.03591 12.9473 8.29287 12.9473 8.60985C12.9473 8.92684 12.6878 9.1838 12.3676 9.1838H6.76329C6.4431 9.1838 6.18354 8.92684 6.18354 8.60985ZM3.67118 5.5483C3.67118 5.23132 3.93075 4.97436 4.25093 4.97436H4.63743C4.95762 4.97436 5.21719 5.23132 5.21719 5.5483C5.21719 5.86528 4.95762 6.12224 4.63743 6.12224H4.25093C3.93075 6.12224 3.67118 5.86528 3.67118 5.5483ZM4.25093 11.0961C3.93075 11.0961 3.67118 11.3531 3.67118 11.6701C3.67118 11.987 3.93075 12.244 4.25093 12.244H4.63743C4.95762 12.244 5.21719 11.987 5.21719 11.6701C5.21719 11.3531 4.95762 11.0961 4.63743 11.0961H4.25093ZM3.67118 8.60985C3.67118 8.29287 3.93075 8.03591 4.25093 8.03591H4.63743C4.95762 8.03591 5.21719 8.29287 5.21719 8.60985C5.21719 8.92684 4.95762 9.1838 4.63743 9.1838H4.25093C3.93075 9.1838 3.67118 8.92684 3.67118 8.60985ZM4.25093 14.157C3.93075 14.157 3.67118 14.414 3.67118 14.731C3.67118 15.0479 3.93075 15.3049 4.25093 15.3049H4.63743C4.95762 15.3049 5.21719 15.0479 5.21719 14.731C5.21719 14.414 4.95762 14.157 4.63743 14.157H4.25093Z" fill="#EB0203"></path>
                        <path fill-rule="evenodd" clip-rule="evenodd" d="M14.6252 13.6363C13.4918 12.6215 11.7817 12.5264 10.6569 13.4792C9.12421 14.7764 9.34841 16.8912 10.4409 18.0122L14.0159 21.6742C14.2197 21.8832 14.4928 22 14.7822 22C15.0737 22 15.3448 21.8852 15.5486 21.6762L19.1236 18.0142C20.214 16.8933 20.4423 14.7785 18.9075 13.4792C17.7827 12.5283 16.0724 12.6217 14.9391 13.6365C14.8855 13.6845 14.8331 13.7345 14.7822 13.7866C14.7313 13.7345 14.6789 13.6843 14.6252 13.6363ZM18.1546 14.3522C19.0973 15.1508 18.9962 16.4896 18.2891 17.2173C18.2888 17.2175 18.2886 17.2177 18.2884 17.218L14.7832 20.8084L11.2753 17.2151C11.2752 17.215 11.2751 17.2149 11.2749 17.2148C10.5677 16.4887 10.4678 15.1495 11.4104 14.3518L11.4108 14.3514C12.0745 13.7892 13.2018 13.82 13.9488 14.5846L14.7822 15.4378L15.6157 14.5846C16.3617 13.8211 17.4896 13.79 18.1545 14.3521" fill="#EB0203"></path>
                        </svg>
                        <svg class="inactive-content" width="100%" height="100%" viewBox="0 0 20 23" fill="none" xmlns="http://www.w3.org/2000/svg">
                        <path fill-rule="evenodd" clip-rule="evenodd" d="M6.18408 5.77914C6.18408 5.46223 6.44363 5.20532 6.7638 5.20532H12.3678C12.6879 5.20532 12.9475 5.46223 12.9475 5.77914C12.9475 6.09606 12.6879 6.35297 12.3678 6.35297H6.7638C6.44363 6.35297 6.18408 6.09606 6.18408 5.77914Z" fill="#EB0203"></path>
                        <path fill-rule="evenodd" clip-rule="evenodd" d="M6.18408 11.9034C6.18408 11.5865 6.44363 11.3296 6.7638 11.3296H12.3678C12.6879 11.3296 12.9475 11.5865 12.9475 11.9034C12.9475 12.2202 12.6879 12.4771 12.3678 12.4771H6.7638C6.44363 12.4771 6.18408 12.2202 6.18408 11.9034Z" fill="#EB0203"></path>
                        <path fill-rule="evenodd" clip-rule="evenodd" d="M6.18408 8.84116C6.18408 8.52424 6.44363 8.26733 6.7638 8.26733H12.3678C12.6879 8.26733 12.9475 8.52424 12.9475 8.84116C12.9475 9.15807 12.6879 9.41498 12.3678 9.41498H6.7638C6.44363 9.41498 6.18408 9.15807 6.18408 8.84116Z" fill="#EB0203"></path>
                        <path fill-rule="evenodd" clip-rule="evenodd" d="M6.18408 14.9655C6.18408 14.6486 6.44363 14.3917 6.7638 14.3917H10.1455C10.4657 14.3917 10.7252 14.6486 10.7252 14.9655C10.7252 15.2825 10.4657 15.5394 10.1455 15.5394H6.7638C6.44363 15.5394 6.18408 15.2825 6.18408 14.9655Z" fill="#EB0203"></path>
                        <path fill-rule="evenodd" clip-rule="evenodd" d="M3.67139 5.77914C3.67139 5.46223 3.93094 5.20532 4.25111 5.20532H4.63759C4.95776 5.20532 5.21731 5.46223 5.21731 5.77914C5.21731 6.09606 4.95776 6.35297 4.63759 6.35297H4.25111C3.93094 6.35297 3.67139 6.09606 3.67139 5.77914Z" fill="#EB0203"></path>
                        <path fill-rule="evenodd" clip-rule="evenodd" d="M3.67139 11.9034C3.67139 11.5865 3.93094 11.3296 4.25111 11.3296H4.63759C4.95776 11.3296 5.21731 11.5865 5.21731 11.9034C5.21731 12.2202 4.95776 12.4771 4.63759 12.4771H4.25111C3.93094 12.4771 3.67139 12.2202 3.67139 11.9034Z" fill="#EB0203"></path>
                        <path fill-rule="evenodd" clip-rule="evenodd" d="M3.67139 8.84116C3.67139 8.52424 3.93094 8.26733 4.25111 8.26733H4.63759C4.95776 8.26733 5.21731 8.52424 5.21731 8.84116C5.21731 9.15807 4.95776 9.41498 4.63759 9.41498H4.25111C3.93094 9.41498 3.67139 9.15807 3.67139 8.84116Z" fill="#EB0203"></path>
                        <path fill-rule="evenodd" clip-rule="evenodd" d="M3.67139 14.9655C3.67139 14.6486 3.93094 14.3917 4.25111 14.3917H4.63759C4.95776 14.3917 5.21731 14.6486 5.21731 14.9655C5.21731 15.2825 4.95776 15.5394 4.63759 15.5394H4.25111C3.93094 15.5394 3.67139 15.2825 3.67139 14.9655Z" fill="#EB0203"></path>
                        <path fill-rule="evenodd" clip-rule="evenodd" d="M0 1.76033C0 0.914738 0.692131 0.229248 1.54592 0.229248H15.0727C15.9265 0.229248 16.6186 0.914738 16.6186 1.76033V11.2818C16.6186 11.5989 16.3591 11.8559 16.0389 11.8559C15.7187 11.8559 15.4592 11.5989 15.4592 11.2818V1.76033C15.4592 1.54893 15.2862 1.37756 15.0727 1.37756H1.54592C1.33247 1.37756 1.15944 1.54893 1.15944 1.76033V18.985C1.15944 19.1964 1.33247 19.3678 1.54592 19.3678H9.27551C9.59568 19.3678 9.85523 19.6249 9.85523 19.942C9.85523 20.2591 9.59568 20.5161 9.27551 20.5161H1.54592C0.692131 20.5161 0 19.8306 0 18.985V1.76033Z" fill="#EB0203"></path>
                        <path fill-rule="evenodd" clip-rule="evenodd" d="M14.6254 13.8718C13.4921 12.8567 11.7821 12.7615 10.6574 13.7147C9.12472 15.0124 9.34891 17.128 10.4413 18.2493L14.0161 21.9126C14.2199 22.1217 14.493 22.2386 14.7824 22.2386C15.0739 22.2386 15.3449 22.1238 15.5487 21.9147L19.1235 18.2514C20.2139 17.13 20.4422 15.0144 18.9075 13.7147C17.7827 12.7634 16.0726 12.8569 14.9392 13.872C14.8856 13.92 14.8333 13.9701 14.7824 14.0222C14.7314 13.97 14.6791 13.9199 14.6254 13.8718ZM18.1546 14.588C19.0972 15.3869 18.9961 16.7262 18.2891 17.4541C18.2888 17.4543 18.2886 17.4546 18.2884 17.4548L14.7834 21.0466L11.2757 17.452C11.2756 17.4519 11.2755 17.4517 11.2753 17.4516C10.5681 16.7252 10.4682 15.3856 11.4108 14.5876L11.4112 14.5872C12.0748 14.0248 13.202 14.0556 13.949 14.8205L14.7824 15.674L15.6158 14.8205C16.3618 14.0567 17.4896 14.0256 18.1545 14.5879" fill="#EB0203"></path>
                        </svg>
                        </button>
                        </div>
                        </div>
                        <p class="ct-tile--brand">Bom Petisco</p>
                        <p class="ct-tile--quantity">emb. 120 gr (peso escorrido 84 gr)</p>
                        </div>
                        <div class="ct-tile-bottom row no-gutters justify-content-between">
                        <div class="ct-price-wrap col-8 col-sm-12">
                        <div class="price js-product-price">
                        <div class="prices-wrapper">
                        <span class="sales ct-tile--price-primary ">
                        <span class="value" content="1.89">
                        <span class="ct-price-formatted">
                        €1,89
                        </span>
                        <span class="ct-m-unit">
                        /un
                        </span>
                        </span>
                        </span>
                        </div>
                        <div class="ct-tile--price-secondary">
                        <span class="ct-price-value">
                        €22,50
                        </span>
                        <span class="ct-m-unit">
                        /kg
                        </span>
                        </div>
                        </div>
                        </div>
                        <div class="ct-tile-buy-section d-flex justify-content-center no-gutters col-auto col-sm-12">
                        <div class="col-2 d-sm-flex d-none">
                        <button class="wishlist-toggler guest-mode inactive button button--tertiary" data-pid="2533100" data-add-url="https://www.continente.pt/on/demandware.store/Sites-continente-Site/default/Wishlist-AddProduct?pid=2533100" data-toggle="tooltip" aria-label="Adicionar aos favoritos " data-original-title="Adicionar aos favoritos" data-placement="top">
                        <svg class="active-content" width="100%" height="100%" viewBox="0 0 20 22" fill="none" xmlns="http://www.w3.org/2000/svg">
                        <path fill-rule="evenodd" clip-rule="evenodd" d="M0 1.53052C0 0.685236 0.692171 0 1.54601 0H15.0736C15.9274 0 16.6196 0.685235 16.6196 1.53052V13.4064L15.8127 13.922L14.2658 14.2658L12.7189 13.4064L10.6054 14.3818C10.4994 14.2451 10.3327 14.157 10.1452 14.157H6.76329C6.4431 14.157 6.18354 14.414 6.18354 14.731C6.18354 15.0479 6.4431 15.3049 6.76329 15.3049H10.1452C10.2478 15.3049 10.3441 15.2785 10.4277 15.2322L10.3126 16.8439L13.2345 20.2793H1.54601C0.69217 20.2793 0 19.5941 0 18.7488V1.53052ZM6.18354 5.5483C6.18354 5.23132 6.4431 4.97436 6.76329 4.97436H12.3676C12.6878 4.97436 12.9473 5.23132 12.9473 5.5483C12.9473 5.86528 12.6878 6.12224 12.3676 6.12224H6.76329C6.4431 6.12224 6.18354 5.86528 6.18354 5.5483ZM6.76329 11.0961C6.4431 11.0961 6.18354 11.3531 6.18354 11.6701C6.18354 11.987 6.4431 12.244 6.76329 12.244H12.3676C12.6878 12.244 12.9473 11.987 12.9473 11.6701C12.9473 11.3531 12.6878 11.0961 12.3676 11.0961H6.76329ZM6.18354 8.60985C6.18354 8.29287 6.4431 8.03591 6.76329 8.03591H12.3676C12.6878 8.03591 12.9473 8.29287 12.9473 8.60985C12.9473 8.92684 12.6878 9.1838 12.3676 9.1838H6.76329C6.4431 9.1838 6.18354 8.92684 6.18354 8.60985ZM3.67118 5.5483C3.67118 5.23132 3.93075 4.97436 4.25093 4.97436H4.63743C4.95762 4.97436 5.21719 5.23132 5.21719 5.5483C5.21719 5.86528 4.95762 6.12224 4.63743 6.12224H4.25093C3.93075 6.12224 3.67118 5.86528 3.67118 5.5483ZM4.25093 11.0961C3.93075 11.0961 3.67118 11.3531 3.67118 11.6701C3.67118 11.987 3.93075 12.244 4.25093 12.244H4.63743C4.95762 12.244 5.21719 11.987 5.21719 11.6701C5.21719 11.3531 4.95762 11.0961 4.63743 11.0961H4.25093ZM3.67118 8.60985C3.67118 8.29287 3.93075 8.03591 4.25093 8.03591H4.63743C4.95762 8.03591 5.21719 8.29287 5.21719 8.60985C5.21719 8.92684 4.95762 9.1838 4.63743 9.1838H4.25093C3.93075 9.1838 3.67118 8.92684 3.67118 8.60985ZM4.25093 14.157C3.93075 14.157 3.67118 14.414 3.67118 14.731C3.67118 15.0479 3.93075 15.3049 4.25093 15.3049H4.63743C4.95762 15.3049 5.21719 15.0479 5.21719 14.731C5.21719 14.414 4.95762 14.157 4.63743 14.157H4.25093Z" fill="#EB0203"></path>
                        <path fill-rule="evenodd" clip-rule="evenodd" d="M14.6252 13.6363C13.4918 12.6215 11.7817 12.5264 10.6569 13.4792C9.12421 14.7764 9.34841 16.8912 10.4409 18.0122L14.0159 21.6742C14.2197 21.8832 14.4928 22 14.7822 22C15.0737 22 15.3448 21.8852 15.5486 21.6762L19.1236 18.0142C20.214 16.8933 20.4423 14.7785 18.9075 13.4792C17.7827 12.5283 16.0724 12.6217 14.9391 13.6365C14.8855 13.6845 14.8331 13.7345 14.7822 13.7866C14.7313 13.7345 14.6789 13.6843 14.6252 13.6363ZM18.1546 14.3522C19.0973 15.1508 18.9962 16.4896 18.2891 17.2173C18.2888 17.2175 18.2886 17.2177 18.2884 17.218L14.7832 20.8084L11.2753 17.2151C11.2752 17.215 11.2751 17.2149 11.2749 17.2148C10.5677 16.4887 10.4678 15.1495 11.4104 14.3518L11.4108 14.3514C12.0745 13.7892 13.2018 13.82 13.9488 14.5846L14.7822 15.4378L15.6157 14.5846C16.3617 13.8211 17.4896 13.79 18.1545 14.3521" fill="#EB0203"></path>
                        </svg>
                        <svg class="inactive-content" width="100%" height="100%" viewBox="0 0 20 23" fill="none" xmlns="http://www.w3.org/2000/svg">
                        <path fill-rule="evenodd" clip-rule="evenodd" d="M6.18408 5.77914C6.18408 5.46223 6.44363 5.20532 6.7638 5.20532H12.3678C12.6879 5.20532 12.9475 5.46223 12.9475 5.77914C12.9475 6.09606 12.6879 6.35297 12.3678 6.35297H6.7638C6.44363 6.35297 6.18408 6.09606 6.18408 5.77914Z" fill="#EB0203"></path>
                        <path fill-rule="evenodd" clip-rule="evenodd" d="M6.18408 11.9034C6.18408 11.5865 6.44363 11.3296 6.7638 11.3296H12.3678C12.6879 11.3296 12.9475 11.5865 12.9475 11.9034C12.9475 12.2202 12.6879 12.4771 12.3678 12.4771H6.7638C6.44363 12.4771 6.18408 12.2202 6.18408 11.9034Z" fill="#EB0203"></path>
                        <path fill-rule="evenodd" clip-rule="evenodd" d="M6.18408 8.84116C6.18408 8.52424 6.44363 8.26733 6.7638 8.26733H12.3678C12.6879 8.26733 12.9475 8.52424 12.9475 8.84116C12.9475 9.15807 12.6879 9.41498 12.3678 9.41498H6.7638C6.44363 9.41498 6.18408 9.15807 6.18408 8.84116Z" fill="#EB0203"></path>
                        <path fill-rule="evenodd" clip-rule="evenodd" d="M6.18408 14.9655C6.18408 14.6486 6.44363 14.3917 6.7638 14.3917H10.1455C10.4657 14.3917 10.7252 14.6486 10.7252 14.9655C10.7252 15.2825 10.4657 15.5394 10.1455 15.5394H6.7638C6.44363 15.5394 6.18408 15.2825 6.18408 14.9655Z" fill="#EB0203"></path>
                        <path fill-rule="evenodd" clip-rule="evenodd" d="M3.67139 5.77914C3.67139 5.46223 3.93094 5.20532 4.25111 5.20532H4.63759C4.95776 5.20532 5.21731 5.46223 5.21731 5.77914C5.21731 6.09606 4.95776 6.35297 4.63759 6.35297H4.25111C3.93094 6.35297 3.67139 6.09606 3.67139 5.77914Z" fill="#EB0203"></path>
                        <path fill-rule="evenodd" clip-rule="evenodd" d="M3.67139 11.9034C3.67139 11.5865 3.93094 11.3296 4.25111 11.3296H4.63759C4.95776 11.3296 5.21731 11.5865 5.21731 11.9034C5.21731 12.2202 4.95776 12.4771 4.63759 12.4771H4.25111C3.93094 12.4771 3.67139 12.2202 3.67139 11.9034Z" fill="#EB0203"></path>
                        <path fill-rule="evenodd" clip-rule="evenodd" d="M3.67139 8.84116C3.67139 8.52424 3.93094 8.26733 4.25111 8.26733H4.63759C4.95776 8.26733 5.21731 8.52424 5.21731 8.84116C5.21731 9.15807 4.95776 9.41498 4.63759 9.41498H4.25111C3.93094 9.41498 3.67139 9.15807 3.67139 8.84116Z" fill="#EB0203"></path>
                        <path fill-rule="evenodd" clip-rule="evenodd" d="M3.67139 14.9655C3.67139 14.6486 3.93094 14.3917 4.25111 14.3917H4.63759C4.95776 14.3917 5.21731 14.6486 5.21731 14.9655C5.21731 15.2825 4.95776 15.5394 4.63759 15.5394H4.25111C3.93094 15.5394 3.67139 15.2825 3.67139 14.9655Z" fill="#EB0203"></path>
                        <path fill-rule="evenodd" clip-rule="evenodd" d="M0 1.76033C0 0.914738 0.692131 0.229248 1.54592 0.229248H15.0727C15.9265 0.229248 16.6186 0.914738 16.6186 1.76033V11.2818C16.6186 11.5989 16.3591 11.8559 16.0389 11.8559C15.7187 11.8559 15.4592 11.5989 15.4592 11.2818V1.76033C15.4592 1.54893 15.2862 1.37756 15.0727 1.37756H1.54592C1.33247 1.37756 1.15944 1.54893 1.15944 1.76033V18.985C1.15944 19.1964 1.33247 19.3678 1.54592 19.3678H9.27551C9.59568 19.3678 9.85523 19.6249 9.85523 19.942C9.85523 20.2591 9.59568 20.5161 9.27551 20.5161H1.54592C0.692131 20.5161 0 19.8306 0 18.985V1.76033Z" fill="#EB0203"></path>
                        <path fill-rule="evenodd" clip-rule="evenodd" d="M14.6254 13.8718C13.4921 12.8567 11.7821 12.7615 10.6574 13.7147C9.12472 15.0124 9.34891 17.128 10.4413 18.2493L14.0161 21.9126C14.2199 22.1217 14.493 22.2386 14.7824 22.2386C15.0739 22.2386 15.3449 22.1238 15.5487 21.9147L19.1235 18.2514C20.2139 17.13 20.4422 15.0144 18.9075 13.7147C17.7827 12.7634 16.0726 12.8569 14.9392 13.872C14.8856 13.92 14.8333 13.9701 14.7824 14.0222C14.7314 13.97 14.6791 13.9199 14.6254 13.8718ZM18.1546 14.588C19.0972 15.3869 18.9961 16.7262 18.2891 17.4541C18.2888 17.4543 18.2886 17.4546 18.2884 17.4548L14.7834 21.0466L11.2757 17.452C11.2756 17.4519 11.2755 17.4517 11.2753 17.4516C10.5681 16.7252 10.4682 15.3856 11.4108 14.5876L11.4112 14.5872C12.0748 14.0248 13.202 14.0556 13.949 14.8205L14.7824 15.674L15.6158 14.8205C16.3618 14.0567 17.4896 14.0256 18.1545 14.5879" fill="#EB0203"></path>
                        </svg>
                        </button>
                        </div>
                        <div class="col-sm-10 col-12">
                        <div class="ct-tile-quantity d-none" data-pid="2533100">
                        <input type="hidden" class="add-to-cart-url" value="https://www.continente.pt/on/demandware.store/Sites-continente-Site/default/Cart-AddProduct">
                        <div class="d-none tile-delete-confirmation-btn" data-pid="2533100" data-delay-time="3000" data-in-cart-msg="no carrinho" data-one-product-added="Adicionado ao carrinho" data-remove-from-cart-msg="Removido do carrinho" data-stay-open="6000.0" data-confirmation-image="{&quot;url&quot;:&quot;https://www.continente.pt/dw/image/v2/BDVS_PRD/on/demandware.static/-/Sites-col-master-catalog/default/dw28c45616/images/col/253/2533100-cima.jpg?sw=87&amp;sh=80&quot;,&quot;fallbackimage&quot;:{&quot;url&quot;:&quot;https://www.continente.pt/dw/image/v2/BDVS_PRD/on/demandware.static/Sites-continente-Site/-/default/dw7c42b4da/images/noimagelarge_product.png?sw=87&amp;sh=80&quot;,&quot;title&quot;:&quot;Atum Posta ao Natural&quot;,&quot;alt&quot;:&quot;Atum Posta ao Natural&quot;},&quot;title&quot;:&quot;Atum Posta ao Natural&quot;,&quot;alt&quot;:&quot;Atum Posta ao Natural&quot;}"></div>
                        <div class="ct-tile-quantity-update quantity-update product-qty-vue" data-remove-action="https://www.continente.pt/on/demandware.store/Sites-continente-Site/default/Cart-RemoveProductLineItem" data-action="https://www.continente.pt/on/demandware.store/Sites-continente-Site/default/Cart-UpdateQuantity" data-dimension-update="https://www.continente.pt/on/demandware.store/Sites-continente-Site/default/Cart-DimensionUpdate" data-pid="2533100" data-uuid="7d69e92fb8518350da165040fb" data-add-delay="500.0" data-measure-options="{&quot;hasConversionRate&quot;:false,&quot;hasAlternativeSaleUnit&quot;:false,&quot;unitConversionRate&quot;:null,&quot;minOrderQuantity&quot;:1,&quot;stepQuantity&quot;:1,&quot;primaryunit&quot;:&quot;un&quot;,&quot;secondaryunit&quot;:&quot;kg&quot;,&quot;selectedunit&quot;:&quot;primary&quot;,&quot;maxNumberOfUnitsPerSale&quot;:50}" data-price-available="null" :data-has-error="isMaxQtyReached || isMinQtyReached || qtySelectedMoreThanOne">
                        <template v-show="prodUnits">
                        <div class="quantity-input-wrapper has-units">
                        <label class="visually-hidden" :for="'quantity-' + pid + additionalTag">
                        Quantidade no carrinho
                        </label>
                        <input :ref="'quantityInput-' + pid + additionalTag" class="add-to-cart-quantity form-control ct-form-input text-center" inputmode="numeric" :class="{'is-invalid': isInvalid}" :data-pid="pid + additionalTag" :name="'quantity-' + pid + additionalTag" type="text" aria-label="Insira a quantidade" title="" v-model="displayValue" @change="updateQuantity" @focus="updateQtyFormat" @blur="restoreQtyFormat" :disabled="!isPriceAvailable">
                        <span class="quantity-icon quantity-icon--minus">
                        <button class="decrease-quantity-btn" @click="updateQuantity" :disabled="!isPriceAvailable" role="button" aria-label="Reduzir quantidade">
                        <i class="css-math-minus"></i>
                        </button>
                        </span>
                        <span class="quantity-icon quantity-icon--plus">
                        <button class="increase-quantity-btn" @click="updateQuantity" :disabled="isMaxQtyReached || !isPriceAvailable" role="button" aria-label="Aumentar quantidade">
                        <i class="css-math-plus"></i>
                        </button>
                        <span class="quantity-btn-disabled-placeholder"></span>
                        </span>
                        <template v-if="isPDP">
                        <span class="quantity-error ct-span-error text-sm-center product-max-allocation" v-if="isMaxQtyReached">
                        Quantidade máxima atingida
                        </span>
                        <span class="quantity-error ct-span-product text-sm-center product-allocation" v-if="!isMinQtyReached &amp;&amp; !isMaxQtyReached">
                        {{quantitySelected}} no carrinho
                        </span>
                        <span class="quantity-error ct-span-error text-sm-center product-min-allocation" :data-pid="pid" v-if="isMinQtyReached &amp;&amp; !isMaxQtyReached">
                        Quantidade mínima atingida
                        </span>
                        </template>
                        </div>
                        <template v-if="showNotes">
                        <div class="add-note-link-container ">
                        <div class="add-note">
                        <a href="/produto/atum-posta-ao-natural-bom-petisco-2533100.html?showNote=true" class="ct-add-note-redirect-pdp" aria-label="Adicionar comentário">
                        <span class="svg-wrapper svg-icon-notes" style="width:19px; height:20px">
                        <svg class="svg-inline icon-notes" viewBox="0 0 28 30" xmlns="http://www.w3.org/2000/svg" width="100%" height="100%"><path d="M21.738 0C22.985 0 24 1.04 24 2.319V12.47c0 .469-.37.848-.828.848-.457 0-.827-.38-.827-.848V2.32c0-.343-.273-.622-.607-.622H2.262c-.334 0-.607.279-.607.622V27.68c0 .343.273.622.607.622h7.81c.457 0 .827.38.827.849 0 .468-.37.848-.827.848h-7.81C1.015 30 0 28.96 0 27.681V2.32C0 1.04 1.015 0 2.262 0h19.476zm2.844 16.004l.227.007c.823.053 1.589.39 2.176.964.64.627.993 1.46.993 2.349 0 .888-.353 1.722-.993 2.348l-6.83 6.665c-.11.108-.247.186-.397.226l-5.032 1.363c-.078.021-.16.032-.241.032-.242 0-.478-.097-.647-.266-.23-.231-.314-.566-.218-.874l1.49-4.798c.044-.139.122-.266.227-.369l6.844-6.677c.64-.625 1.493-.97 2.401-.97zm-2.886 3.94l-4.922 4.802-.947 3.048 3.22-.872 4.897-4.78-2.248-2.197zm2.887-2.174c-.425 0-.824.162-1.124.455l-.484.472 2.248 2.197.484-.472c.62-.606.62-1.591 0-2.197l-.117-.104c-.283-.227-.636-.35-1.007-.35zm-10.839.022c.498 0 .904.396.904.883 0 .488-.406.884-.904.884H5.946c-.499 0-.904-.396-.904-.884 0-.487.405-.883.904-.883zm5.042-4.876c.498 0 .904.397.904.884s-.406.884-.904.884H5.946c-.499 0-.904-.397-.904-.884s.405-.884.904-.884zm0-4.875c.498 0 .904.396.904.884 0 .487-.406.883-.904.883H5.946c-.499 0-.904-.396-.904-.883 0-.488.405-.884.904-.884z" fill="#EB0203" fill-rule="evenodd"></path></svg>
                        </span>
                        <div class="available-note d-none"></div>
                        </a>
                        </div>
                        </div>
                        </template>
                        <div class="measurement-unit-section" v-if="isPriceAvailable &amp;&amp; prodUnits ? prodUnits.hasAlternativeUnit : false">
                        <div class="ct-form-radio" @click="setDimension">
                        <input type="radio" title="" class="ct-form-check-input product-measurement-unit" :data-type="prodUnits.selectedUnit == prodUnits.secondaryUnit ? 'primary' : ''" :id="prodUnits.secondaryUnit + '-' + pid + '-measurement-unit-ptile' + additionalTag" :name="'measurement-unit-' + pid + '-ptile' + additionalTag" :value="prodUnits.secondaryUnit" v-model="prodUnits.selectedUnit">
                        <label :class="prodUnits.secondaryUnit + '-label ct-form-check-label mb-0'" :for="prodUnits.secondaryUnit + '-' + pid + '-measurement-unit-ptile' + additionalTag">
                        {{prodUnits.secondaryUnit}}
                        </label>
                        <span class="checkmark"></span>
                        </div>
                        <div class="ct-form-radio" @click="setDimension">
                        <input type="radio" title="" class="ct-form-check-input product-measurement-unit" :data-type="prodUnits.selectedUnit == prodUnits.primaryUnit ? 'primary' : ''" :id="prodUnits.primaryUnit + '-' + pid + '-measurement-unit-ptile' + additionalTag" :name="'measurement-unit-' + pid + '-ptile' + additionalTag" :value="prodUnits.primaryUnit" v-model="prodUnits.selectedUnit">
                        <label :class="prodUnits.primaryUnit + '-label ct-form-check-label mb-0'" :for="prodUnits.primaryUnit + '-' + pid + '-measurement-unit-ptile' + additionalTag">
                        {{prodUnits.primaryUnit}}
                        </label>
                        <span class="checkmark"></span>
                        </div>
                        </div>
                        <template v-if="!isPDP &amp;&amp; isPriceAvailable">
                        <span class="quantity-error ct-span-error product-max-allocation" v-if="isMaxQtyReached">
                        Quantidade máxima atingida
                        </span>
                        <span class="quantity-error ct-span-product product-allocation" v-if="!isMinQtyReached &amp;&amp; !isMaxQtyReached">
                        {{quantitySelected}} no carrinho
                        </span>
                        <span class="quantity-error ct-span-error product-min-allocation" :data-pid="pid" v-if="isMinQtyReached &amp;&amp; !isMaxQtyReached">
                        Quantidade mínima atingida
                        </span>
                        </template>
                        </template>
                        </div>
                        <input class="quantity-value-mask d-none" name="quantity" type="number" min="0" value="">
                        </div>
                        <button type="button" class="add-to-cart button js-add-to-cart js-add-to-cart-tile 2533100 button--primary dynamic-layout-btn" data-toggle="modal" data-target="#chooseBonusProductModal" data-pid="2533100" data-quantity-value="null" aria-label="Carrinho">
                        <span class="d-block d-sm-none">
                        <span class="svg-wrapper svg-icon-cart" style="width:20px; height:20px">
                        <svg class="svg-inline icon-cart" xmlns="http://www.w3.org/2000/svg" viewBox="0 0 500 500" width="100%" height="100%"><path fill="#EB0203" fill-rule="evenodd" d="M 485.67317,94.386311 C 476.37798,83.847129 463.09468,78.03348 448.30404,78.03348 H 90.690813 L 87.079511,51.327997 C 83.185582,22.539551 62.962285,0 41.011841,0 H 14.727836 C 6.563151,0 0,6.5286975 0,14.580758 c 0,8.05206 6.5945535,14.580758 14.727836,14.580758 h 26.284005 c 4.710398,0 14.696435,9.855222 16.894619,26.021523 L 100.01739,368.0631 c 1.88416,13.77244 9.01256,26.70549 20.1605,36.37417 8.25889,7.15046 18.02511,11.9071 28.26237,13.89679 -4.17655,7.58572 -6.53175,16.25957 -6.53175,25.493 0,29.53459 24.27424,53.59751 54.13815,53.59751 29.8325,0 54.13814,-24.03184 54.13814,-53.59751 0,-8.79818 -2.19818,-17.09897 -5.9979,-24.43598 h 77.12488 c -3.79973,7.33701 -5.96652,15.6378 -5.96652,24.43598 0,29.53459 24.27424,53.59751 54.13817,53.59751 29.83249,0 54.13814,-24.03184 54.13814,-53.59751 0,-8.79818 -2.1982,-17.09897 -5.9979,-24.43598 h 38.56243 c 8.13328,0 14.72783,-6.5287 14.72783,-14.61183 0,-8.02098 -6.59455,-14.54967 -14.72783,-14.54967 H 159.24277 c -14.38241,0 -28.13677,-11.90711 -30.02092,-26.02153 l -3.07746,-22.88154 h 290.6314 c 14.03698,0 27.94834,-5.28513 39.06488,-14.95381 11.11652,-9.6376 18.27632,-22.57065 20.16048,-36.37417 l 21.10259,-156.78201 c 1.94694,-14.51858 -2.10398,-28.29103 -11.43057,-38.861299 z M 220.76053,443.82706 c 0,13.49265 -11.08513,24.46709 -24.68247,24.46709 -13.62874,0 -24.71387,-10.97444 -24.71387,-24.46709 0,-13.49262 11.08513,-24.43598 24.71387,-24.43598 13.59734,0 24.68247,10.94336 24.68247,24.43598 z m 173.43675,0 c 0,13.49265 -11.08512,24.46709 -24.68245,24.46709 -13.62876,0 -24.71388,-10.97444 -24.71388,-24.46709 0,-13.49262 11.08512,-24.43598 24.71388,-24.43598 13.59733,0 24.68245,10.94336 24.68245,24.43598 z m 73.7648,-314.46558 -21.13397,156.782 c -1.88416,14.11442 -15.63851,26.05261 -30.02091,26.05261 H 122.25046 L 94.616142,107.19499 H 448.33544 c 6.18632,0 11.61896,2.2695 15.23028,6.37326 3.64269,4.13484 5.21283,9.73086 4.39636,15.79323 z"></path></svg>
                        </span>
                        </span>
                        <span class="add-to-cart--text d-none d-sm-block">Carrinho</span>
                        </button>
                        </div>
                        </div>
                        </div>
                        </div>
                        
                        <div class="col-12 d-sm-none">
                        </div>
                        </div>
                        </div>
                        </div>
                        </div>
                        <div class="col-12 grid-footer" data-sort-options="{&quot;options&quot;:[{&quot;displayName&quot;:&quot;Relevância&quot;,&quot;id&quot;:&quot;search-relevance&quot;,&quot;url&quot;:&quot;https://www.continente.pt/on/demandware.store/Sites-continente-Site/default/Search-UpdateGrid?cgid=mercearias&amp;pmin=0.01&amp;srule=Continente&amp;start=0&amp;sz=36&quot;},{&quot;displayName&quot;:&quot;Preço (menor)&quot;,&quot;id&quot;:&quot;price-low-to-high&quot;,&quot;url&quot;:&quot;https://www.continente.pt/on/demandware.store/Sites-continente-Site/default/Search-UpdateGrid?cgid=mercearias&amp;pmin=0.01&amp;srule=price-low-to-high&amp;start=0&amp;sz=36&quot;},{&quot;displayName&quot;:&quot;Preço (maior)&quot;,&quot;id&quot;:&quot;price-high-to-low&quot;,&quot;url&quot;:&quot;https://www.continente.pt/on/demandware.store/Sites-continente-Site/default/Search-UpdateGrid?cgid=mercearias&amp;pmin=0.01&amp;srule=price-high-to-low&amp;start=0&amp;sz=36&quot;},{&quot;displayName&quot;:&quot;Preço/capacidade&quot;,&quot;id&quot;:&quot;price-per-capacity&quot;,&quot;url&quot;:&quot;https://www.continente.pt/on/demandware.store/Sites-continente-Site/default/Search-UpdateGrid?cgid=mercearias&amp;pmin=0.01&amp;srule=price-per-capacity&amp;start=0&amp;sz=36&quot;},{&quot;displayName&quot;:&quot;Nome (A a Z)&quot;,&quot;id&quot;:&quot;product-name-ascending&quot;,&quot;url&quot;:&quot;https://www.continente.pt/on/demandware.store/Sites-continente-Site/default/Search-UpdateGrid?cgid=mercearias&amp;pmin=0.01&amp;srule=product-name-ascending&amp;start=0&amp;sz=36&quot;},{&quot;displayName&quot;:&quot;Nome (Z a A)&quot;,&quot;id&quot;:&quot;product-name-descending&quot;,&quot;url&quot;:&quot;https://www.continente.pt/on/demandware.store/Sites-continente-Site/default/Search-UpdateGrid?cgid=mercearias&amp;pmin=0.01&amp;srule=product-name-descending&amp;start=0&amp;sz=36&quot;}],&quot;ruleId&quot;:&quot;FOOD_Mercearia&quot;}" data-page-size="36.0" data-page-number="0" data-base-url="https://www.continente.pt/on/demandware.store/Sites-continente-Site/default/Search-UpdateGrid" data-total-count="5194">
                        <div class="search-results-products-counter d-flex justify-content-center">36 de 5194 produtos</div>
                        <div class="search-view-more-products-spinner-wrapper js-loading-spinner d-none">
                        <img src="/on/demandware.static/Sites-continente-Site/-/default/dwa85daf5e/images/icons/logo-grey-animation.svg" class="load-logo" alt="A carregar">
                        </div>
                        <div class="search-view-more-products-btn-wrapper infinite-scroll-placeholder" data-url="https://www.continente.pt/on/demandware.store/Sites-continente-Site/default/Search-UpdateGrid?cgid=mercearias&amp;pmin=0%2e01&amp;start=36&amp;sz=36">
                         <button class="button button--secondary search-view-more-products-button js-show-more-products">Ver mais produtos</button>
                        </div>
                        <input type="hidden" class="permalink" value="https://www.continente.pt/mercearia/?pmin=0.01&amp;start=0&amp;sz=36">
                        <input type="hidden" class="category-id" value="mercearias">
                        </div>
                        </div>
                        <div class="search-results-bottom-advertising-banner ct-overflow-hidden">
                        <div id="col-search-bottom-advertising-banner" class="text-center ct-mb--30 ct-mt--30" data-gtm-banner-prefix="category" style="">
                        <div id="ad-banner-clp-bottom" class="gpt-contents" data-unitpath="21868577187/OSF_CPL_Bottom_Mercearia" data-size="[[970, 90],[[[1280, 540],[970, 90]],[[768,500],[728, 90]],[[320,240],[290, 100]]]]" data-google-query-id="CIDu3eLu_foCFSlFHQkdw-gCCQ">
                        <div id="google_ads_iframe_21868577187/OSF_CPL_Bottom_Mercearia_0__container__" style="border: 0pt none;"><iframe id="google_ads_iframe_21868577187/OSF_CPL_Bottom_Mercearia_0" name="google_ads_iframe_21868577187/OSF_CPL_Bottom_Mercearia_0" title="3rd party ad content" width="100%" height="90" scrolling="no" marginwidth="0" marginheight="0" frameborder="0" role="region" aria-label="Advertisement" tabindex="0" data-load-complete="true" data-google-container-id="5" style="border: 0px; vertical-align: bottom; max-width: 970px;"></iframe></div></div>
                        </div>
                        </div>
                        </div>
                        </div>
